3276 5026
720 323 934 389 ..94..

287 511 327 554 ne
349 488 382 556 in
405 491 594 558 sententiam
627 492 755 575 quidem
785 494 863 558 satis
892 491 1053 576 quadrare
1082 489 1223 578 videtur,
1251 513 1323 560 cum
1344 485 1403 562 Sa·

287 620 420 664 racemos
441 621 513 666 cum
535 599 738 665 multitudine
756 601 932 666 Persarum
950 601 1106 692 praedam
1128 602 1270 668 facturos
1293 606 1403 669 statim

287 707 483 790 imperatore
514 713 684 791 conspecto
717 709 758 773 ad
789 709 857 773 alas
892 707 1100 774 subsidiarias
1135 731 1298 795 regressos
1334 733 1404 777 esse

289 814 424 896 cogitari
443 819 592 898 nequeat.

245 921 339 986 inniti
359 920 492 986 verbum
514 923 558 987 A.
583 922 678 986 semel
705 942 777 986 cum
805 921 912 988 dativo
939 942 1095 1006 personae
1120 924 1283 988 coniunxit
1305 926 1403 1004 XVI,

291 1033 341 1111 12,
371 1034 425 1096 38:
459 1029 583 1113 sibique
614 1029 749 1094 vicissim
778 1031 885 1094 innixi.
929 1029 1061 1095 Tacitus
1089 1037 1218 1114 praeter
1253 1031 1405 1111 dativum,

289 1137 344 1220 qui
378 1137 569 1220 optimorum
604 1142 772 1202 auctorum
802 1139 940 1203 orationi
974 1137 1076 1219 deest,
1112 1139 1244 1203 ablativi
1278 1161 1406 1223 quoque

290 1249 498 1326 structuram,
532 1245 586 1309 ubi
617 1244 714 1309 verbo
749 1245 795 1309 vis
826 1246 984 1310 translata
1017 1245 1139 1325 subest,
1174 1245 1302 1311 admisit
1335 1248 1405 1330 (cf.

290 1351 457 1416 Lehmann
478 1375 509 1436 p.
533 1354 575 1417 40
598 1353 673 1436 sq),
703 1353 837 1418 eandem
870 1373 938 1418 esse
966 1353 1107 1418 dandam
1129 1353 1227 1418 verbo
1257 1354 1343 1439 apud
1362 1356 1406 1421 A.

289 1455 424 1521 vidimus
447 1455 505 1521 sub
528 1455 625 1520 verbo
647 1457 854 1534 „innectere“.

247 1562 401 1629 innodare
427 1564 598 1654 XXVIII,
625 1567 653 1642 6,
681 1568 738 1628 27:
770 1563 925 1629 innodato
959 1569 1088 1647 gutture
1119 1563 1225 1647 laquei
1261 1565 1407 1651 nexibus;

291 1675 413 1751 XXX,
429 1676 460 1750 2,
479 1676 531 1739 12:
550 1671 705 1737 innodato
726 1677 855 1756 gutture
873 1673 980 1755 laquei
997 1671 1141 1758 nexibus,
1164 1711 1206 1720 -
1222 1674 1282 1738 nisi
1297 1695 1408 1740 vocem

293 1779 466 1863 „nexibus‘⁸
488 1801 547 1863 pro
571 1778 711 1854 ablativo
736 1781 881 1864 accipere
903 1783 1057 1862 praestat.

247 1887 441 1972 impedicare
457 1885 588 1952 verbum
609 1892 684 1951 ante
700 1887 743 1953 A.
760 1908 824 1951 non
846 1885 1026 1951 adhibitum
1042 1889 1148 1950 exstat
1162 1887 1285 1965 XXX,
1301 1891 1333 1963 4,
1352 1891 1408 1954 18:

292 1995 428 2078 siquem
448 1993 544 2058 semel
561 1993 648 2057 intra
666 1994 748 2058 retia
767 1995 917 2078 ceperint,
941 1993 1084 2058 cassibus
1099 1993 1184 2058 mille
1200 1993 1406 2077 impedicant,

292 2101 348 2166 ubi
370 2108 478 2166 tamen
498 2099 634 2165 fortasse
660 2086 772 2166 eodem
802 2103 871 2166 iure
893 2101 933 2166 de
964 2101 1104 2166 ablativo
1131 2102 1266 2186 cogitari
1292 2107 1409 2184 potest.

293 2209 350 2275 cfr.
372 2207 504 2273 verbum
526 2208 742 2292 „implicare“.

249 2314 411 2399 impellere
433 2313 529 2378 verbo
552 2334 572 2378 a
590 2312 745 2380 Cicerone
766 2335 838 2379 cum
860 2333 969 2397 praep.
991 2309 1075 2392 „ad“
1099 2316 1131 2375 et
1161 2313 1234 2393 „in“
1255 2319 1409 2396 usurpato

293 2423 335 2487 A.
361 2421 531 2505 adscripsit
560 2426 589 2503 1)
622 2422 704 2502 „ad‘
733 2422 905 2501 XXVIH,
935 2427 961 2498 1,
988 2424 1044 2500 30:
1075 2441 1218 2495 causam,
1250 2443 1333 2504 quae
1366 2422 1408 2486 ad

294 2530 425 2594 exitium
442 2530 649 2614 praecipitem
664 2531 852 2614 Aginatium
868 2531 991 2614 inpulit.
1023 2533 1055 2614 2)
1071 2534 1205 2612 „super“
1222 2531 1410 2609 XXVIIII,

297 2643 325 2718 1,
351 2642 405 2702 34:
430 2658 566 2719 cumque
588 2676 630 2684 --
653 2639 787 2722 quisque
809 2677 852 2686 -
872 2639 999 2702 ruinam
1020 2656 1110 2699 suam
1129 2636 1296 2719 inpelleret
1316 2657 1410 2719 super

296 2745 401 2810 alium.
446 2743 607 2828 Sequente
628 2744 782 2812 infinitivo
805 2747 866 2813 vid.
885 2743 1095 2826 Kallenberg,
1117 2766 1146 2826 p.
1169 2747 1220 2810 28.

251 2851 436 2937 impendere
458 2852 591 2917 verbum
621 2874 641 2918 a
666 2853 820 2920 Cicerone
849 2875 921 2919 cum
948 2851 1055 2916 dativo
1087 2858 1120 2915 et
1146 2873 1257 2934 praep.
1288 2852 1358 2933 „in“
1383 2874 1410 2918 c.
1458 2903 1460 2908 .

296 2981 361 3028 acc.
391 2960 530 3044 positum
552 2962 595 3028 A.
625 2983 697 3040 cum
724 2962 831 3028 dativo
858 2963 961 3026 iuant
988 2959 1098 3042 XXX,
1125 2964 1152 3042 1,
1175 2965 1212 3026 ὃς
1238 2961 1412 3044 inpendere

298 3069 359 3134 sibi
388 3068 614 3153 praesagiebat
647 3072 777 3136 exitium
803 3093 918 3155 grave:
947 3068 1075 3149 XXXI,
1102 3073 1129 3150 1,
1152 3073 1186 3133 3:
1215 3091 1298 3152 quae
1327 3070 1412 3134 hunc

294 3179 340 3243 illi
361 3174 534 3261 inpendere
557 3179 675 3242 exitum
699 3179 783 3243 vitae
807 3217 848 3226 —
872 3176 1104 3243 monstrabant.

252 3275 439 3370 impendere
457 3284 589 3349 verbum
606 3285 654 3350 bis
676 3287 815 3351 tranlate
840 3307 913 3350 oum
934 3285 1041 3350 dativo
1064 3284 1204 3350 occurrit
1226 3286 1329 3364 XXI,
1348 3288 1408 3365 1,1

297 3395 449 3460 Julianus
478 3431 520 3442 —
548 3393 724 3459 formandis
752 3396 785 3460 in
812 3394 922 3459 lutura
948 3394 1086 3459 consiliis
1117 3393 1184 3458 dies
1210 3392 1414 3476 impendebat:

298 3507 330 3566 et
352 3505 480 3579 noctes:
502 3502 674 3580 XXVIII,
698 3505 727 3580 4,
758 3505 812 3566 29:
843 3501 877 3565 hi
899 3522 1001 3577 omne,
1025 3500 1110 3584 quod
1133 3501 1257 3577 vivunt,
1286 3501 1414 3564 vincet

297 3608 426 3673 tesseris
447 3607 634 3692 inpendunt.

253 3716 418 3800 impertire
443 3717 554 3796 XXI,
583 3719 642 3797 12,
673 3719 728 3782 15:
760 3723 927 3801 raptorum
954 3715 1107 3799 pleraque
1133 3712 1414 3797 concorporalibus

297 3823 362 3888 suis
381 3823 588 3904 inpertientes
612 3824 768 3910 (milites);
791 3827 916 3908 XXX,
938 3829 966 3901 2,
983 3830 1018 3890 4:
1043 3804 1231 3890 Sauromaci
1253 3821 1414 3906 praesidia

298 3931 434 3996 militum
455 3931 616 4014 inpertita.

254 4041 430 4124 impingere
451 4037 540 4104 verbi
562 4059 639 4102 usus
660 4038 872 4105 Ammianeus
894 4040 980 4105 idem
1005 4044 1053 4103 est
1077 4038 1132 4121 qui
1156 4036 1317 4119 Taciteus,
1341 4058 1414 4102 cum

299 4155 331 4211 et
360 4144 485 4210 dativus
516 4151 548 4210 et
576 4166 685 4229 praep.
718 4147 789 4226 ‚,in“
820 4147 1010 4214 inveniatur.
1055 4144 1208 4230 Sequitur
1240 4147 1267 4226 1)
1288 4143 1413 4210 dativus

297 4258 373 4333 XV,
392 4257 421 4332 3,
448 4257 502 4318 10:
531 4253 626 4317 lateri
649 4253 785 4318 cultrum
807 4303 975 4323 ......
1000 4275 1076 4319 casu
1098 4259 1260 4338 repertum
1282 4253 1414 4336 inpegit.

298 4361 443 4441 Lacuna,
467 4381 532 4443 qua
547 4361 636 4426 locus
649 4360 786 4441 laborat,
807 4363 954 4433 nondum¹
972 4368 1061 4427 certa
1084 4363 1265 4427 coniectura
1288 4361 1415 4444 expleta
