3232 5026
684 374 964 452 -16-'

255 556 473 628 Athanasium
496 593 536 608 -
560 565 669 626 coetus
692 597 735 608 -
764 559 900 627 removit
928 581 948 624 a
978 566 1178 627 sacramento
1202 556 1289 645 quod
1315 581 1370 646 op·

255 668 397 748 tinebat;
420 673 566 748 XVIIII,
591 671 666 746 8,2:
687 690 746 734 nec
762 675 850 734 metu
869 663 981 735 mortis
1009 669 1177 752 quisquam
1194 691 1234 734 ex
1258 669 1371 754 aliqua

253 783 347 862 parte
376 798 396 842 a
428 777 533 843 studio
564 775 789 861 propugnandi
818 776 1058 857 removebatur3
1089 782 1251 860 XXVIII,
1282 783 1311 853 3,
1335 781 1369 845 8:

255 887 406 952 Arcanos
428 925 470 934 -
492 885 661 970 prolapsos
694 887 727 950 in
753 886 831 950 vitia
860 907 881 950 a
912 884 1103 950 stationibus
1126 887 1191 951 suis
1221 888 1369 966 removit3

257 1000 385 1076 XXXI,
408 997 438 1077 3,
461 998 494 1060 8:
529 994 723 1059 domicilium
754 999 912 1060 remotum
941 993 983 1059 ab
1006 995 1092 1059 omni
1114 995 1229 1061 notitia
1258 994 1372 1061 barba-

254 1123 373 1168 rorum.
417 1101 581 1166 Aduerbia
610 1100 672 1166 loci
701 1107 829 1167 exstant
855 1107 950 1184 XXI,
985 1104 1034 1184 12,
1066 1106 1103 1168 3:
1135 1104 1271 1169 removit
1301 1103 1373 1189 (Ju-

253 1212 370 1293 lianus)
393 1208 506 1276 exinde
528 1208 692 1292 Jovinum,
715 1215 827 1294 XXX,
847 1214 877 1293 2,
897 1215 929 1276 1:
954 1212 1149 1295 remotisque
1170 1211 1244 1276 inde
1272 1214 1374 1297 partis

254 1318 423 1383 Romanae
445 1317 622 1402 praesidiis,

213 1426 366 1510 repellere
387 1425 521 1491 verbum
543 1448 614 1491 cum
638 1447 749 1510 praep.
778 1424 860 1506 „ab“
891 1427 1008 1510 legitur
1036 1430 1147 1507 XIIII,
1180 1430 1211 1504 3,
1243 1431 1277 1492 1:
1298 1446 1374 1508 rege

256 1535 429 1600 Persarum
452 1573 495 1584 -
528 1534 792 1619 repellentelque)
820 1556 840 1600 a
862 1535 1042 1601 conlimitiis
1070 1537 1134 1601 suis
1161 1535 1374 1601 ferocissimas

256 1649 376 1728 gentes.
447 1643 557 1711 Iltiam
592 1642 707 1709 Cicero
730 1650 762 1707 et
788 1643 898 1708 Livius
924 1643 1044 1727 ubique
1084 1642 1373 1730 praepositionibus

258 1751 309 1816 usi
328 1756 413 1815 sunt.

214 1864 382 1944 reportare
404 1859 537 1924 verbum
558 1880 669 1943 praep.
694 1865 771 1942 „ex“
804 1861 948 1944 sequitur
974 1847 1088 1943 XIIII,
1110 1863 1140 1944 6,
1167 1863 1202 1925 4:
1225 1881 1265 1925 en
1291 1859 1376 1925 omni

256 1968 354 2052 plaga
377 1988 474 2051 quam
494 1966 581 2033 orbis
605 1967 708 2034 ambit
729 1968 891 2032 inmensus
914 1968 1092 2051 reportavit
1115 1968 1279 2054 (populus)
1309 1967 1376 2032 lau-

172 2158 178 2168 !
257 2097 330 2142 reas
353 2082 385 2142 et
407 2075 596 2160 triumphos.
641 2080 693 2142 Ita
716 2075 882 2160 Kiessling
903 2075 1026 2162 (Fleck.
1056 2081 1088 2143 J.
1110 2076 1133 2141 f.
1155 2075 1238 2142 Phil.
1263 2077 1324 2141 103
1345 2098 1376 2159 p.

265 2175 342 2265 498)
379 2206 418 2248 ex
448 2183 593 2250 codicum
625 2184 785 2268 scriptura
831 2181 1197 2265 „laureacetriumphos“
1230 2181 1375 2261 coniecit,

259 2290 346 2375 quod
365 2312 421 2357 suo
442 2291 511 2356 iure
527 2292 662 2358 intentu
677 2291 785 2375 posuit
803 2290 1079 2356 Gardthausenus.
1122 2287 1210 2354 Nam
1225 2289 1375 2370 ,laureae

259 2399 468 2485 triumphos“,
493 2398 580 2484 quod
602 2398 794 2465 editionibus
815 2399 991 2480 exhibetur,
1010 2399 1155 2483 ineptum
1181 2419 1249 2464 esse
1275 2397 1376 2481 quivis

260 2510 432 2594 cognoscit.

218 2620 392 2703 reprimere
413 2622 545 2683 verbum
581 2616 851 2701 praepositionem
884 2619 960 2696 „ex“
997 2616 1131 2680 assumit
1152 2618 1263 2696 XXX,
1287 2617 1317 2696 5,
1340 2615 1377 2677 2:

262 2747 279 2792 e
301 2727 439 2792 statione
461 2725 608 2810 proxima
629 2725 826 2808 reprimebat
847 2725 1032 2791 barbaricos
1054 2723 1223 2808 adpetitus.
1259 2749 1262 2754 ·

219 2835 380 2901 resultare
404 2840 535 2901 verbum
559 2853 630 2898 curn
652 2853 763 2917 praep.
797 2837 876 2915 „ex“
908 2831 1079 2898 adhibetur
1101 2833 1248 2912 XVIIII,
1272 2833 1301 2909 6,
1328 2833 1377 2894 10:

261 2943 490 3008 resultantibus
514 2963 531 3006 e
551 2940 679 3004 civitate
700 2940 787 3006 lituis
810 2941 927 3008 multis.

220 3057 408 3134 retorquere
430 3054 525 3115 verbo
550 3069 661 3132 praep.
682 3049 762 3129 „ab“
788 3049 936 3132 apposita
961 3051 1010 3111 est
1029 3048 1142 3124 XIIII,
1165 3045 1195 3124 6,
1222 3045 1277 3108 17:
1307 3061 1379 3106 ean·

264 3158 400 3242 demque
418 3157 596 3243 (naturam)
613 3160 654 3221 ab
672 3156 819 3221 instituto
840 3168 935 3221 cursu
950 3160 1139 3236 retorquens
1154 3149 1382 3234 (Semiramis).

219 3267 385 3332 retrahere
408 3269 539 3331 verbum
560 3263 604 3331 A.
636 3269 672 3328 ut
700 3262 833 3328 Tacitus
862 3284 935 3328 cum
964 3282 1075 3345 praep
1105 3263 1189 3342 „ab“
1217 3256 1380 3324 coniunxit

264 3379 462 3457 XXXVHI,
487 3380 515 3455 1,
540 3378 582 3438 az·
602 3372 678 3437 licet
704 3372 830 3438 abhoc
861 3377 951 3436 textu
979 3375 1111 3434 cruento
1143 3373 1306 3452 gestorum
1329 3385 1381 3430 ex·
1477 3371 1479 3376 '

265 3485 380 3568 quisito
408 3481 571 3549 narrando
602 3481 704 3545 iustus
739 3501 790 3544 me
819 3478 1000 3544 retraheret
1023 3482 1128 3542 metus
1159 3475 1261 3540 multa
1289 3495 1382 3558 repu-

167 3661 171 3668 ,
263 3599 387 3659 tantem
409 3597 443 3658 et
462 3591 560 3656 varia.
605 3588 806 3654 Aduerbium
837 3586 900 3651 loci
928 3586 1089 3670 reperitur
1116 3588 1233 3664 XIIII,
1265 3588 1294 3664 7,
1324 3587 1380 3652 19:

265 3701 442 3784 exindeque
460 3722 519 3784 per
539 3704 737 3785 protectores
756 3701 916 3761 retractus
938 3694 1173 3780 (Apollinaris).

222 3812 372 3879 revehere
407 3813 538 3876 verbum
575 3828 686 3893 praep.
728 3809 808 3889 „ex‘·'
840 3804 967 3870 asciscit
994 3806 1104 3884 XXV,
1127 3804 1158 3884 3,
1178 3805 1213 3866 8:
1237 3806 1381 3868 revectus

265 3916 536 4005 (Epaminondas)
556 3937 595 3980 ex
609 3916 687 3980 acie.

223 4027 340 4094 reverti
361 4029 492 4090 verbum
513 4046 534 4090 a
556 4023 671 4088 'Iacito
691 4042 762 4087 cum
783 4040 893 4104 praep.
914 4019 996 4100 „ab“
1020 4025 1052 4084 et
1075 4023 1154 4100 „ex“
1179 4018 1383 4084 coniunctum

266 4134 338 4220 (cfr.
361 4133 460 4198 Klein
482 4154 514 4216 p.
546 4133 580 4217 7)
609 4129 696 4216 apud
727 4131 766 4195 A.
797 4134 967 4212 praeterea
997 4148 1068 4192 cum
1085 4131 1215 4212 praep.
1237 4125 1321 4224 „de“
1351 4129 1384 4189 ot

267 4263 331 4308 uno
363 4242 433 4308 loco
461 4262 534 4306 cum
561 4238 699 4305 ablativo
730 4238 798 4303 sine
827 4237 1064 4322 praepositione
1097 4235 1275 4301 adhibitum
1311 4232 1384 4315 legi.

267 4351 408 4416 Exstant
442 4349 475 4436 1)
497 4346 750 4432 praepositiones
771 4349 803 4428 a)
839 4350 921 4429 „ab“
957 4350 1052 4428 XXI,
1073 4349 1103 4428 6,
1125 4347 1162 4411 2:
1196 4340 1384 4423 aMesopo·
1424 4385 1426 4390 ,

235 4507 237 4512 -
267 4457 367 4526 tamia
390 4476 535 4522 reuersus
567 4453 823 4542 (Constantius),
857 4457 967 4536 XXV,
991 4457 1020 4536 7,
1046 4456 1100 4532 11,
1132 4471 1151 4516 a
1182 4448 1386 4514 munimentis
