3276 5026
711 331 927 398 ...93-

284 500 348 564 suis
365 501 518 567 inminere
541 507 706 566 cernentes
730 502 904 587 (barbari);
940 506 988 581 13,
1010 505 1046 567 9:
1072 523 1188 585 eosque
1209 503 1397 585 imperatori

283 645 321 656 —-
352 610 467 672 acriter
494 610 697 688 inminentes;
732 612 921 691 XXVIIII,
946 614 972 688 1,
997 612 1052 675 33:
1083 610 1144 692 ipsi
1174 631 1301 692 quoque
1327 631 1399 674 cum

285 717 500 798 cognitoribus
529 719 665 801 principi
699 719 814 783 caedes
846 717 1057 800 incendiaque
1088 717 1271 800 flagitantes
1299 717 1399 782 furias

283 825 446 902 inminere;
478 829 508 905 5,
530 830 585 892 39:
615 847 811 909 quamquam
835 827 1008 890 -inmite
1039 825 1191 907 quiddam
1221 824 1399 890 barbaricis

284 933 547 1015 concrepantibus
565 936 662 1004 armis
684 932 1034 1017 manipuli'furentium
1055 930 1267 1011 inminebant:
1293 936 1323 1012 5,
1343 936 1397 996 52:

284 1049 320 1104 ut
342 1080 383 1087 —
403 1041 609 1124 popularibus
631 1042 695 1106 suis
721 1043 838 1106 acriter
857 1042 1034 1106 inmineret.
1054 1065 1098 1092 =
1119 1040 1246 1122 longius
1268 1060 1400 1124 operam

283 1145 367 1225 dare,
384 1147 566 1212 incumbere
582 1151 668 1225 XX,
690 1151 739 1227 11,
757 1153 811 1213 24:
831 1169 904 1212 curn
921 1147 1043 1214 excidio
1058 1147 1263 1213 Phaenichae
1279 1146 1398 1212 diutius

283 1254 433 1320 inminere
455 1257 655 1320 necessariae
677 1257 818 1321 rationes
841 1262 1001 1340 urgerent.

240 1361 412 1428 immittere
441 1363 538 1428 verbo
567 1363 680 1429 Oicero
708 1365 863 1446 itemque,
897 1369 934 1429 ut
963 1364 1102 1444 videtur,
1133 1361 1242 1426 Livius
1275 1362 1400 1426 nonnisi

281 1473 429 1537 iteratam
452 1473 736 1556 praepositionem,
767 1472 900 1536 Tacitus
928 1472 1069 1536 dativum
1092 1472 1251 1550 adiunxit3
1273 1470 1399 1536 Ammi-

282 1601 360 1645 anus
381 1602 455 1644 vero
478 1586 648 1663 utramque
676 1585 870 1645 structuram
897 1580 1027 1644 admisit
1057 1583 1087 1663 a)
1115 1581 1186 1664 „in“
1207 1580 1288 1661 XV,
1312 1585 1341 1662 7,
1365 1585 1417 1659 3:
1456 1637 1462 1643 .

281 1688 461 1771 praefectus
489 1726 526 1738 -
544 1689 722 1771 rogabatur
753 1727 805 1767 -,
835 1710 875 1752 ne
906 1691 938 1752 in
969 1688 1205 1752 multitudinem
1234 1710 1267 1752 se
1298 1689 1392 1754 adro·

281 1802 409 1879 gentem
436 1797 612 1861 inmitteret
643 1803 675 1860 51
694 1797 868 1874 minacem,
892 1797 1040 1874 XVIIII,
1067 1800 1117 1876 11,
1142 1799 1199 1860 16:
1221 1797 1253 1860 in
1274 1797 1395 1861 medios

283 1902 505 1969 Sarmatarum
533 1903 698 1987 globosae
727 1904 847 1967 inmisit
870 1903 992 1990 (Gella).
1036 1903 1073 1988 b)
1096 1903 1238 1968 dativum
1261 1906 1395 1982 XXIII,

279 2013 309 2090 5,
328 2013 363 2076 3:
379 2011 531 2074 scaenicis
547 2010 631 2074 ludis
649 2011 763 2074 mimus
778 2031 850 2075 cum
866 2032 964 2075 uxore
980 2012 1138 2092 inmissus,
1156 2010 1175 2075 i.
1194 2031 1221 2076 e.
1239 2009 1394 2077 facultate

282 2119 314 2181 in
334 2139 461 2183 scenam
484 2117 663 2202 prodeundi
686 2139 843 2184 concessa.

238 2225 358 2290 innasci
384 2226 482 2290 verbo
511 2224 554 2291 A.
583 2232 620 2290 ut
644 2248 754 2290 ornnes
780 2227 951 2310 scriptores
982 2227 1074 2290 latini
1103 2225 1246 2291 dativum
1273 2227 1398 2292 addidit

281 2335 395 2416 XVII,
425 2339 456 2415 4,
489 2339 541 2399 11:
566 2335 760 2400 moderatori
786 2356 856 2398 cum
887 2333 1091 2399 iucunditate·
1114 2335 1241 2399 aculeos
1268 2355 1395 2418 quoque

279 2443 399 2507 innasci
422 2442 539 2507 debere
560 2443 609 2506 his
629 2442 726 2526 signis
750 2443 962 2507 ostendentes,

237 2552 396 2615 innectere
430 2550 526 2615 verbo
549 2551 590 2616 A.
613 2551 736 2634 pariter
772 2555 869 2633 atque
893 2549 1026 2614 Tacitus
1059 2548 1200 2612 dativum
1231 2549 1395 2613 coniunxit

282 2660 314 2743 1)
359 2658 495 2742 Proprie
537 2660 656 2739 XIIII,
702 2663 729 2735 7,
776 2661 829 2723 15:
877 2657 1007 2722 hirsutis
1048 2656 1204 2720 resticulis
1249 2655 1395 2721 cruribus

280 2767 346 2830 eius
379 2767 517 2841 innexis:
546 2767 627 2846 XV,
656 2770 693 2846 4,
727 2768 779 2830 12:
813 2765 967 2847 multique
1000 2801 1040 2810 -
1072 2783 1179 2826 eorum
1215 2766 1393 2847 (equorum)

280 2873 382 2938 dorsis
406 2863 597 2938 videbantur
629 2873 751 2954 innexi:
784 2874 900 2953 XVII,
931 2875 980 2948 12,
1009 2875 1041 2939 2:
1078 2871 1271 2954 plumarum,
1292 2871 1398 2954 specie

278 2981 382 3047 linteis
417 2982 611 3046 indumentis
646 2982 781 3045 innexae
824 2980 978 3064 (loricae).
1046 2979 1081 3064 2)
1120 2979 1275 3043 translate
1313 2979 1397 3053 XV,

280 3092 308 3168 2,
333 3095 367 3155 4:
390 3088 528 3154 Arbetio
552 3089 593 3154 ad
618 3087 826 3153 innectendas
857 3086 967 3152 letales
994 3086 1125 3150 insidias
1147 3088 1231 3151 vitae
1261 3086 1395 3168 simplici

278 3219 432 3282 perquam
467 3198 594 3262 callens.
639 3197 796 3281 Reliquus
829 3202 878 3260 est
907 3196 997 3260 locus
1032 3196 1152 3277 XXV,
1184 3199 1211 3274 1,
1239 3198 1272 3260 3:
1308 3193 1396 3258 Hinc
1470 3195 1471 3198 ’

280 3306 500 3372 recedentibus
521 3306 614 3370 nobis
632 3305 757 3389 longius
774 3303 928 3370 Saraceni
943 3308 1126 3368 nostrorum
1146 3310 1232 3367 metu
1251 3301 1394 3384 pediturn

279 3414 434 3497 repedare
457 3413 615 3496 conpulsi,
647 3411 742 3495 paulo
765 3417 838 3494 post
860 3411 966 3476 innexi
988 3410 1164 3476 Persarum
1195 3408 1397 3474 multitudine

281 3521 367 3584 ocius
391 3520 574 3600 inruebant,
602 3519 751 3583 Romana
777 3518 994 3604 inpedimenta
1020 3518 1160 3601 rapturi,
1196 3537 1305 3581 verum
1331 3517 1397 3580 viso

279 3627 472 3711 imperatore
501 3627 543 3691 ad
573 3627 642 3690 alas
670 3626 877 3690 subsidiarias
909 3633 1118 3691 reverterunt.
1162 3624 1228 3688 Pro
1259 3625 1397 3706 „ocius“,

280 3737 366 3817 quod
387 3737 488 3800 estin
520 3735 658 3799 editione
679 3732 827 3819 Gelenia,
851 3735 976 3799 codices
998 3732 1149 3800 exhibent
1169 3733 1308 3814 „totius“
1330 3753 1397 3798 cor-

279 3849 407 3927 ruptam
438 3845 644 3926 scripturam,
677 3862 773 3924 quam
802 3841 866 3905 leni
902 3841 1027 3906 medela
1057 3839 1264 3908 Guentherus
1292 3860 1323 3921 p.
1352 3843 1394 3904 42

279 3952 415 4016 mutavit
443 3953 475 4015 in
502 3952 642 4033 „tutius“
669 3949 845 4014 sententiae
880 3950 987 4033 aptius
1019 3969 1116 4032 quam
1144 3947 1223 4012 illud
1258 3946 1396 4027 „ocius“.

280 4058 405 4123 Deinde
424 4081 498 4123 vero
514 4080 586 4123 cum
603 4058 714 4124 eodem
731 4056 919 4122 Guenthero
939 4056 1141 4122 scribendum
1165 4075 1232 4119 esse
1255 4052 1396 4119 arbitror

278 4167 431 4246 „innixi“;
450 4187 524 4229 nam
546 4172 773 4248 praeterquam
795 4163 882 4246 quod
899 4164 1054 4229 traditum
1077 4163 1202 4243 „innexi
1221 4161 1397 4226 Persarum

279 4273 511 4350 multitudine“,
547 4275 572 4337 si
600 4273 844 4357 grammaticam
868 4278 992 4354 spectes
1023 4272 1196 4349 rationem,
1229 4270 1280 4334 vix
1311 4269 1396 4335 idem

282 4382 460 4466 significare
492 4387 600 4468 potest
631 4389 729 4466 atque
762 4380 941 4461 „coniuncti
963 4380 1137 4445 Persarum
1169 4377 1395 4464 multitudini“,
