3276 5026
689 430 901 510 ..aaa

254 609 410 698 pertinaci
435 613 574 683 intentis
620 617 682 700 „In
711 621 768 682 eo“
793 615 1053 699 Gueutherusp.
1081 616 1119 680 18
1142 635 1189 699 sq.
1210 615 1371 699 corrigen-

234 763 238 770 ·
255 723 331 788 dum
344 732 452 790 censet
462 726 495 790 in
513 727 566 806 „iu
584 731 687 808 enm“,
705 749 778 791 cum
792 725 946 791 eiusmodi
959 730 1120 790 structura
1139 725 1180 789 ab
1194 725 1370 790 elocutione

254 832 445 898 Ammianea
470 834 575 899 aliena
604 835 653 900 sit.
698 832 903 918 Quamquam
934 853 1010 898 saue
1037 833 1159 904 nullum
1182 834 1369 917 exemplum,
1475 854 1478 861 ·

256 961 318 1022 quo
334 940 423 1006 locus
445 941 581 1019 fulcitur,
615 943 692 1008 mihi
714 948 843 1026 praesto
867 949 923 1024 est,
959 947 1067 1006 tamen
1090 948 1203 1006 contra
1226 942 1371 1006 codicum

254 1048 349 1113 fidem
371 1050 449 1114 nihil
470 1051 629 1124 mutarim,
652 1072 723 1116 cum
743 1049 816 1115 libri
833 1048 999 1114 Ammiani
1021 1049 1107 1133 pleni
1129 1049 1193 1115 sint
1215 1047 1370 1114 sermonis

247 1156 487 1240 *proprietatum
521 1157 562 1223 ab
593 1158 728 1223 aliorum
761 1159 955 1242 scriptorum
988 1157 1114 1222 ratione
1153 1157 1278 1222 dicendi
1296 1171 1298 1178 ’
1316 1157 1371 1221 ab·
1464 1199 1468 1205 ·

254 1263 453 1329 horrentium
483 1270 515 1330 et
544 1265 624 1330 haec
656 1271 818 1331 structura
848 1265 935 1330 haud
962 1265 1007 1329 ita
1038 1266 1079 1330 sit
1108 1266 1202 1344 mira,
1239 1271 1275 1331 ut
1307 1285 1371 1330 nou

255 1371 402 1455 analogia
426 1373 560 1437 aliorum
583 1372 752 1438 verborum
775 1373 903 1438 defendi
926 1375 1037 1457 possit.

210 1477 368 1545 intentare
391 1480 528 1563 ‚verbum
558 1481 601 1544 A.
633 1482 792 1546 communi
826 1483 895 1546 usui
929 1481 1114 1565 applicavit,
1152 1483 1259 1565 posuit
1288 1480 1372 1545 enim

252 1587 371 1671 ubique
401 1588 556 1667 dativum,
585 1588 696 1652 Livius
724 1591 825 1652 etiam.
847 1609 956 1672 praep.
987 1589 1057 1668 „in“
1084 1608 1108 1654 c.
1132 1610 1198 1653 acc.
1229 1586 1373 1672 praebet.

253 1694 410 1762 Omnibus
427 1696 505 1760 locis
521 1696 676 1768 translate
691 1702 883 1781 usurpatum
900 1696 1005 1760 estad
1022 1697 1184 1762 notionem
1200 1695 1372 1761 verborum

257 1801 399 1881 „minari
426 1803 554 1884 inferre,
583 1801 716 1868 offerre“
742 1803 921 1868 acceddens
941 1801 1023 1907 XV,
1048 1808 1077 1884 5,
1101 1807 1143 1868 37
1150 1825 1157 1870 :
1183 1802 1373 1888 Dionysium

252 1907 428 1975 inteutasse
460 1917 575 1994 poeitae
606 1910 782 1976 Philoxeno
815 1918 968 1989 mortem,
1003 1910 1101 1990 XVI,
1132 1915 1162 1990 2,
1196 1915 1249 1976 12:
1281 1913 1373 1995 eique

252 2017 316 2082 iarn
344 2018 529 2084 adventanti
561 2019 722 2106 (Juliano)
748 2019 985 2086 Germanorum
1015 2041 1130 2083 manus
1160 2041 1302 2103 pugnarn
1327 2021 1374 2084 in-

253 2131 380 2191 teutans
407 2128 558 2206 occurrit,
587 2127 642 2192 ubi
674 2127 799 2192 dativus
830 2128 926 2192 etiam
957 2127 998 2191 ad
1025 2149 1137 2192 vocem
1171 2131 1370 2207 „inteutaus“

253 2235 448 2319 supplendus
478 2243 540 2315 est3
575 2236 692 2315 XVII,
715 2242 750 2318 b,
782 2240 832 2301 14:
864 2235 1062 2315 formidines,
1094 2258 1178 2318 quae
1205 2235 1297 2301 uobis
1328 2238 1373 2301 iu·

251 2349 417 2407 tentantur
452 2365 490 2408 ex
522 2366 626 2422 more,
663 2343 827 2424 XXIIII,
862 2346 890 2422 6,
928 2345 961 2408 8:
1002 2351 1157 2424 motuque
1193 2344 1370 2406 inmanium

254 2471 422 2534 corporum
452 2453 742 2535 propinquantibus
774 2452 905 2515 exitium
935 2449 1146 2543 intendebant
1172 2450 1372 2534 (elephanti).

209 2559 358 2624 iutimare
382 2564 411 2640 1)
433 2561 564 2643 proprio
587 2581 680 2624 seusu
696 2558 776 2639 XV,
800 2562 831 2638 4,
856 2562 891 2621 4:
915 2578 973 2621 nec
997 2558 1148 2640 contagia
1172 2557 1286 2621 deiude
1308 2557 1374 2621 ulla

251 2667 434 2749 perpetiens
462 2667 572 2730 oceani
601 2666 780 2749 gurgitibus
808 2665 989 2742 intimatur,
1021 2663 1148 2745 XXII,
1173 2667 1202 2745 8,
1223 2669 1278 2729 40:
1311 2664 1374 2729 Bo-

252 2772 420 2854 rysthenes
442 2812 485 2818 —
505 2773 587 2836 mari
608 2773 790 2856 praeruptis
817 2771 975 2836 undarum
998 2769 1170 2836 verticibus
1198 2773 1373 2838 intimatur.

253 2881 288 2964 2)
311 2880 469 2944 translato
491 2879 585 2961 XXI,
620 2885 668 2962 11,
692 2886 725 2944 1:
754 2880 849 2944 Haeo
873 2879 1005 2944 attalia
1036 2879 1193 2962 cogitanti
1216 2879 1374 2961 (Iuliano)

253 3027 294 3037 -
315 2989 445 3054 nuntius
461 2988 649 3053 metuendus
664 2989 831 3053 iuti'matur
847 2996 879 3054 et
893 2991 1091 3072 insperatus,
1110 2978 1272 3068 XXVIII,
1289 2992 1319 3070 3,
1339 2991 1375 3052 8:

233 3145 235 3150 .
252 3102 289 3160 ut
303 3134 344 3143 -
360 3097 536 3160 vicinarum
555 3097 696 3180 gentium
712 3097 864 3180 strepitus
887 3097 1004 3160 nostris
1023 3094 1159 3160 ducibus
1175 3097 1371 3161 intimarent.
1471 3155 1475 3158 .

209 3205 356 3268 intonare
388 3203 469 3283 XX,
505 3210 532 3280 7,
570 3209 622 3269 14:
656 3203 804 3287 Trepidis
836 3203 952 3269 deinde
983 3208 1208 3287 superatorum
1244 3205 1375 3270 auribus

253 3313 441 3377 ululantium
466 3312 608 3395 undique
630 3297 804 3378 Persarum
827 3313 996 3378 intonante
1020 3313 1158 3396 fragore.

207 3420 313 3485 invehi
335 3419 466 3485 verbum
494 3428 531 3487 ut
560 3420 646 3504 apud
671 3420 859 3488 Ciceronem
883 3420 953 3505 (cfr.
975 3421 1140 3505 Augustiu
1164 3442 1194 3502 p.
1221 3419 1277 3502 18)
1302 3439 1375 3482 curu

253 3529 359 3598 dativo
391 3529 514 3611 locum,
553 3531 585 3593 in
621 3551 684 3612 quo
718 3531 789 3613 quis
823 3531 962 3611 vehitur,
1001 3527 1199 3612 significante
1231 3527 1376 3609 iungitur

252 3641 399 3717 XXIIII,
430 3642 458 3713 4,
492 3642 526 3704 8;
557 3637 611 3701 alii
638 3675 678 3685 -—
709 3639 807 3702 alveis
839 3637 992 3702 arborum
1020 3643 1208 3702 cavatarum
1242 3635 1375 3718 inseeti;

249 3742 410 3824 XXVIII,
433 3748 545 3823 418:
576 3745 603 3808 si
625 3766 645 3808 a
667 3743 740 3809 lacu
764 3745 885 3810 Averni
908 3742 1020 3809 lembis
1043 3745 1159 3809 invecti
1182 3747 1257 3807 suut
1282 3742 1376 3824 pictis

250 3849 416 3929 Puteolos,
447 3851 543 3916 simul
571 3851 746 3918 directione
774 3855 957 3919 accusativo
979 3852 1116 3919 nominis
1139 3851 1267 3916 urbium
1293 3849 1376 3930 „Pu-

168 4019 170 4025 ,
250 3958 369 4022 teolos“
403 3957 531 4038 addita,
564 3958 674 4042 XXX,
699 3964 727 4042 1,
754 3963 810 4026 10:
844 3962 963 4028 residui
996 3981 1106 4029 omues
1138 3962 1227 4042 equis
1260 3958 1376 4023 invecti

250 4063 443 4130 natantibus

205 4173 346 4242 invidere
362 4173 450 4237 verbi
466 4174 615 4238 futurum
631 4175 792 4257 passivum
809 4176 977 4242 transitive
997 4174 1178 4242 adhibitum
1198 4181 1246 4239 est
1264 4173 1375 4240 XVII

250 4287 280 4364 4,
312 4287 345 4348 3:
376 4289 412 4347 ut
439 4303 516 4365 opes
547 4283 660 4347 exinde
687 4290 817 4367 raperet
846 4283 1054 4373 (Cambyses)
1083 4283 1280 4350 invidendas.
1323 4283 1375 4348 De

251 4390 393 4455 eiusdem
426 4389 515 4455 verbi
554 4393 723 4456 structuris
761 4391 849 4475 apud
891 4393 1019 4460 Livium
1058 4401 1090 4458 et
1121 4391 1270 4456 Tacitum
1303 4392 1375 4457 vide

252 4497 423 4564 Lehmann
446 4521 556 4584 progr.
579 4521 611 4582 p.
632 4498 702 4570 XV
724 4522 771 4586 sq.

1241 4618 1273 4676 7*
