3232 5026
682 383 724 393 ..
769 347 897 444 55·-

244 515 299 579 III
322 539 351 600 p.
377 516 457 601 260)
477 517 671 601 suspicatur,
699 517 746 582 ita
774 520 811 581 ut
836 521 1003 598 „tempora
1031 512 1208 597 replicare“
1229 512 1313 577 idem
1334 511 1375 575 sit

247 623 337 707 quod
359 624 542 706 „revolvere
566 631 598 690 et
624 625 666 690 ad
686 625 858 709 superiora
881 622 1016 688 redire“.
1059 625 1240 702 XXVIIII,
1259 624 1291 702 2,
1317 622 1373 684 12:

245 731 337 814 quod
356 740 445 797 recte
467 734 619 799 institutis
641 756 681 798 ne
704 755 776 799 cum
797 731 996 797 inimicorum
1013 729 1141 814 quidem
1158 727 1368 793 incommodis

244 839 424 906 indelicta
454 843 599 908 convenit
625 864 720 907 ruere
741 841 929 907 voluntaria.
974 839 1088 905 Oicero
1111 835 1210 905 verbo
1243 843 1375 920 practer

247 946 395 1012 dativum
413 969 521 1034 praep.
540 950 624 1032 „ad“
636 951 685 1016 vel
697 955 810 1032 ‚,cnm“
829 949 982 1017 adiunxit.
1018 945 1153 1030 Saepius
1168 943 1372 1029 participium

244 1057 482 1135 ,.ccnveniens“
505 1060 571 1124 vice
594 1059 740 1124 adiectivi
763 1057 898 1140 fungens
916 1056 1038 1122 occurit
1057 1054 1153 1138 idque
1174 1052 1309 1117 assumit
1341 1057 1375 1117 et

245 1163 394 1229 dativum
409 1165 566 1248 XXVII,
590 1171 619 1246 5,
643 1171 679 1234 9:
702 1166 941 1250 componendae
964 1165 1037 1248 paci
1053 1163 1241 1228 conveniens
1262 1160 1369 1240 locus3

247 1271 397 1353 XXXI,
433 1278 461 1352 3,
495 1278 528 1340 8:
561 1275 669 1358 populi
697 1296 773 1357 pars
804 1275 907 1338 maior
946 1311 987 1320 —
1025 1271 1177 1355 cogitavit
1210 1268 1371 1336 Thraciae

246 1380 489 1461 receptaculum
512 1383 638 1464 gemina
657 1383 781 1446 ratione
802 1381 862 1446 sibi
885 1381 1082 1468 couveniens.
1128 1377 1181 1444 Sic
1203 1378 1236 1442 in
1261 1377 1372 1444 codice

247 1484 413 1552 Vaticano
441 1489 593 1571 scriptum
629 1493 676 1552 est
703 1510 804 1571 neque
841 1489 1008 1571 intellego,
1042 1505 1099 1550 cur
1123 1484 1261 1551 editores
1296 1492 1374 1552 ante

246 1592 536 1661 Gardthausenum
567 1598 846 1678 ,‚couveuientius“
881 1598 914 1661 in
948 1600 1070 1660 textum
1108 1595 1303 1678 receperint;
1339 1600 1373 1659 et

246 1702 518 1784 praepositionem
545 1704 629 1786 „ad‘
657 1704 794 1786 XXVI,
831 1707 857 1782 1,
882 1707 919 1769 ὃς
955 1707 991 1767 ut
1026 1705 1120 1783 aptus
1151 1698 1193 1763 ad
1222 1700 1256 1764 id
1286 1699 1373 1785 quod

250 1809 470 1892 quaerebatur
496 1819 592 1896 atque
622 1814 811 1878 conveniens
833 1810 1079 1876 Valentinianus
1101 1846 1143 1854 —-
1167 1807 1287 1873 electus
1316 1815 1373 1887 est,

249 1917 307 1982 ubi
333 1940 424 1984 voces
458 1920 520 1998 „ad
546 1921 599 1985 id“
631 1923 728 1986 etiam
757 1919 800 1985 ad
834 1918 1065 2000 „convenieus“
1087 1914 1272 1980 referendas
1305 1935 1373 1980 esse

249 2027 415 2105 existimo,
446 2026 623 2110 XXVIII,
657 2033 684 2107 1,
716 2033 772 2094 44:
813 2026 856 2092 ad
891 2027 971 2091 haec
1009 2023 1136 2088 fortiter
1169 2022 1373 2107 exsequenda

246 2156 367 2219 parum
404 2137 592 2201 conveniens
624 2136 829 2222 (Ursicinus),
887 2135 938 2200 De
972 2133 1065 2198 huius
1102 2131 1264 2216 participii
1300 2150 1373 2196 con·

247 2243 425 2308 structione
448 2244 533 2328 apud
553 2243 680 2310 Livium
703 2251 735 2310 et
754 2244 943 2310 Ciceronem
964 2241 1035 2308 vide
1051 2239 1225 2306 Kuehnast
1246 2263 1276 2323 p.
1301 2241 1371 2305 131.

199 2351 414 2435 ingemiscere
441 2351 572 2417 verbum
602 2354 746 2436 sequitur
771 2353 803 2434 1)
833 2352 1049 2428 accusativus,
1079 2349 1134 2431 qui
1158 2347 1245 2430 apud
1271 2346 1372 2412 bonos
1482 2343 1485 2348 ’

248 2478 379 2542 quoque
395 2460 564 2544 scriptores
580 2462 719 2525 occurrit
734 2458 815 2540 XV,
833 2463 862 2532 5,
880 2464 935 2524 11:
954 2454 1149 2521 Malarichus
1164 2491 1203 2501 —
1218 2473 1373 2538 suamque

250 2573 285 2631 et
302 2567 464 2650 popularis
479 2567 600 2634 Silvani
615 2570 713 2634 vicem
733 2569 873 2652 graviter
886 2567 1110 2650 ingemiscens,
1134 2562 1252 2637 XXV,
1273 2565 1303 2642 3,
1316 2565 1373 2626 21:

251 2675 434 2759 acriterque
454 2679 548 2743 amici
582 2699 690 2742 casum
716 2678 873 2760 ingemuit
893 2673 1088 2761 (Julianus);
1119 2671 1243 2753 XXX,
1264 2675 1290 2748 1,
1314 2674 1369 2737 22:

250 2784 440 2865 ingemiscat
470 2824 509 2835 -
536 2786 630 2850 huius
660 2785 886 2869 adrogantiam
916 2784 994 2848 facti
1019 2781 1188 2847 Fabricius
1219 2781 1271 2845 ille
1292 2778 1374 2845 Irus·

251 2892 349 2957 cinus.
393 2893 527 2958 Passiva
548 2893 637 2959 verbi
659 2894 764 2959 forma
785 2893 903 2975 legitur
921 2889 1058 2973 XXVI,
1079 2892 1109 2971 6,
1136 2893 1190 2956 19:
1212 2890 1374 2955 Mirantur

10 3026 11 3031 ¹
250 3000 380 3083 quidam
410 3039 448 3050 -
480 3002 631 3066 inrisione
654 3001 752 3085 digna
782 3000 941 3085 principia
977 3037 1018 3048 -
1047 2997 1090 3063 ad
1119 2995 1373 3082 ingemiscendas

10 3032 13 3152 i
251 3110 392 3192 erupisse
410 3111 457 3175 rei
479 3112 627 3194 publicae
649 3111 772 3191 clades3
796 3110 921 3190 XXX,
946 3112 975 3190 5,
1000 3113 1036 3177 7:
1060 3107 1140 3172 haec
1163 3143 1203 3154 —-
1227 3083 1372 3188 ingemis-

10 3244 12 3281 ι
252 3217 354 3282 cenda
362 3219 586 3303 conpendiav
589 3269 597 3300 ,
608 3221 664 3285 1οε
678 3219 784 3284 clades
792 3216 1044 3302 ingemiscendas
1052 3215 1184 3300 Illyrici.
1204 3217 1239 3299 2)
1247 3212 1372 3276 dativus

8 3320 10 3429 l
251 3323 388 3407 XXVI,
412 3332 440 3406 7,
467 3329 520 3391 16:
542 3327 749 3418 ingemiscere
771 3347 829 3390 uos
851 3325 965 3391 vestris
983 3325 1163 3407 nostrisque
1179 3319 1372 3387 vulneribus.

206 3433 346 3498 insidere
369 3434 465 3499 verbo
493 3436 525 3498 in
555 3433 741 3518 usurpando
764 3436 958 3500 Ammianus
987 3455 1060 3498 cum
1082 3430 1172 3496 Livio
1204 3436 1236 3496 et
1257 3428 1372 3494 Tacito

251 3541 345 3625 plane
368 3544 524 3626 congruit,
546 3543 654 3627 posuit
672 3543 755 3607 enim
770 3566 834 3608 non
850 3545 952 3610 solum
969 3543 1120 3621 dativum,
1143 3560 1254 3604 verum
1274 3537 1372 3602 etiam

9 3713 10 3716 ,
251 3652 477 3731 accusativum,
495 3673 568 3716 cum
584 3649 698 3716 Cicero
714 3656 745 3715 et
761 3651 816 3715 alii
831 3674 958 3736 quoque
974 3651 1144 3734 scriptores
1160 3647 1292 3714 verbum
1309 3665 1372 3709 non

250 3758 400 3824 exhibent
429 3761 488 3824 nisi
518 3779 674 3824 conexum
703 3779 775 3823 cum
804 3783 917 3844 praep.
949 3762 1022 3844 „iu“
1046 3781 1073 3823 c.
1101 3755 1165 3824 abl.
1189 3756 1238 3821 vel
1267 3753 1372 3819 rarius

249 3889 321 3931 cum
347 3867 464 3932 dativo.
508 3867 668 3933 Monitum
691 3887 765 3930 vero
787 3869 895 3948 velim,
925 3890 998 3933 cum
1019 3867 1187 3952 praeteriti
1216 3868 1248 3928 et
1271 3864 1372 3947 parti-

9 3987 11 4066 t
251 3977 322 4060 cipii
344 3976 461 4058 passivi
490 3976 614 4040 formae
641 3973 809 4039 verborum
841 3977 1018 4057 „insidere“
1043 3984 1075 4040 et
1104 3971 1285 4052 „iustderd‘
1309 3971 1373 4034 sint

9 4068 10 4140 l
251 4084 391 4163 eaedem,
422 4104 485 4148 nou
509 4084 607 4148 semel
630 4083 798 4148 diiudicari
819 4106 922 4170 posse,
954 4085 1019 4150 utri
1041 4081 1138 4149 verbo
1162 4079 1371 4145 vindicandae

9 4213 10 4226 ³
251 4194 322 4259 sint.
367 4192 502 4276 Legitur
527 4193 557 4264 1)
580 4191 735 4275 dativusl)
757 4191 838 4276 XV,
862 4198 891 4273 7,
915 4199 952 4261 4:
974 4194 1113 4258 insidens
1130 4187 1313 4275 (Leontius)
1329 4225 1371 4238 -

211 4303 362 4316 —-—-

277 4344 297 4408 ¹)
317 4340 546 4394 Hassensteinium
558 4353 582 4404 p.
598 4342 613 4393 6
629 4341 726 4393 formas
742 4355 794 4391 nou
810 4341 916 4408 apertos
929 4356 976 4408 pro
988 4337 1114 4392 ablativis
1127 4351 1184 4389 osse
1203 4334 1370 4404 accipiendas

207 4426 274 4481 falso
292 4429 425 4481 censuisse
444 4420 561 4480 dilucide
579 4429 689 4496 apparet
705 4441 734 4480 ex
753 4423 811 4479 loco
832 4425 936 4496 XXIII,
954 4427 978 4493 6,
999 4426 1038 4478 16.
