3276 5026
710 401 924 464 -50..

239 589 358 672 aliquid
385 595 441 655 aut
470 591 647 670 tribuatur,
678 597 736 656 aut
762 593 827 657 iam
850 598 924 657 ante
944 591 1057 671 fuerit,
1082 572 1139 654 aut
1161 590 1326 671 contingat
1348 587 1396 653 vel

238 700 490 783 appropinquet,
514 707 571 764 aut
593 701 778 780 cohaereat,
802 707 858 766 aut
876 699 1013 784 denique
1039 700 1110 764 usui
1134 699 1182 762 vel
1205 698 1395 762 detrimento

236 803 294 868 fiat
316 803 387 888 (cfr.
410 803 508 870 Tecta
531 829 561 890 p.
585 811 651 887 41).

326 932 515 1000 Structurae
543 956 635 1011 vero,
666 957 749 1018 quae
771 937 820 1000 his
843 935 946 1000 verbis
970 935 1145 1014 adduntur,
1177 940 1251 1000 sunt
1273 934 1395 1010 variae;

238 1049 442 1124 apponuntur
471 1043 553 1106 enim
589 1048 645 1106 aut
680 1042 805 1106 dativus
837 1050 894 1108 aut
922 1044 1116 1127 praepositio
1149 1043 1307 1127 quaedam
1340 1046 1397 1105 aut

238 1152 445 1217 accusativae.
496 1149 668 1216 Structura
705 1149 820 1232 dativi,
859 1153 948 1216 cuius
986 1158 1102 1216 natura
1134 1157 1166 1217 et
1195 1151 1318 1216 indoles
1350 1150 1396 1214 ita

239 1263 426 1341 comparata
449 1264 504 1334 cst,
532 1264 567 1322 ut
586 1259 769 1322 summatim
790 1259 919 1338 indicet,
944 1282 1007 1344 quo
1023 1260 1112 1324 verbi
1127 1260 1210 1324 actio
1226 1260 1396 1343 pertineat,

235 1364 344 1449 itaque
366 1366 521 1429 rationem
546 1365 595 1430 vel
617 1367 870 1430 coniunctionem
893 1367 976 1431 inter
996 1366 1076 1431 duas
1099 1387 1253 1449 personas
1275 1365 1323 1429 vel
1344 1387 1396 1429 res

236 1473 485 1538 intercedentem
524 1473 681 1555 significet
718 1473 772 1558 (cf.
811 1472 958 1556 Ignatius
995 1498 1024 1557 p.
1059 1476 1106 1560 7),
1142 1473 1396 1558 frequentissime

237 1582 384 1644 occurrit.
430 1580 469 1644 In
492 1582 673 1646 universum
697 1581 835 1645 enimin
859 1581 968 1664 lingua
992 1583 1093 1648 latina
1115 1583 1276 1647 observari
1290 1586 1397 1665 potest

236 1688 446 1772 scriptoribus
473 1689 660 1772 posterioris
689 1689 804 1754 aetatis
827 1693 996 1772 poetarum
1018 1691 1157 1774 vestigiis
1179 1689 1397 1755 insistentibus

236 1797 335 1860 dativi
364 1819 455 1860 usum
485 1796 658 1862 admodum
686 1797 785 1861 fuisse
814 1800 846 1860 in
878 1797 1010 1865 deliciis,
1056 1799 1170 1881 Neque
1199 1799 1232 1862 id
1263 1799 1394 1876 mirum;

236 1925 374 1986 namquo
397 1925 468 1968 cum
491 1904 574 1968 duae
597 1905 846 1987 compositorum
869 1913 978 1989 partes
999 1928 1153 1990 persaepe
1175 1908 1240 1970 iam
1264 1927 1327 1970 non
1348 1907 1395 1969 ita

235 2013 268 2075 in
292 2003 450 2075 mentibus
471 2012 597 2076 illorum
626 2018 731 2076 essent
760 2019 902 2078 secretae
935 2019 967 2078 et
991 2015 1126 2095 divisae,
1159 2019 1195 2079 ut
1223 2020 1394 2096 utrumque

238 2119 368 2183 verbum
391 2121 575 2198 sentiretur,
601 2119 656 2183 sed
680 2121 772 2201 quasi
794 2120 827 2182 in
850 2142 946 2184 unam
969 2122 1201 2185 concrevissent
1223 2121 1393 2199 notionem,

235 2225 304 2289 fieri
333 2247 396 2288 non
424 2227 540 2309 potuit,
573 2227 649 2308 quin
679 2225 782 2290 verbis
819 2225 1054 2309 quodammodo
1088 2229 1176 2291 novis
1198 2227 1395 2291 subiceretur

236 2332 431 2397 constructio
471 2355 561 2398 nova.
620 2331 743 2396 Contra
776 2334 916 2416 optimae
951 2335 1066 2398 aetatis
1097 2335 1268 2417 scriptores
1302 2357 1394 2399 usum

235 2441 378 2522 priorum
401 2447 584 2522 auctorum,
609 2428 745 2525 q'uornm
764 2442 797 2504 in
820 2443 933 2506 animis
955 2447 1126 2524 utrumque
1149 2442 1281 2506 verbum
1297 2444 1394 2507 etiam

235 2550 338 2632 magis
359 2556 542 2632 separatum
564 2549 733 2630 insidebat,
757 2551 894 2632 amplexi
910 2550 1393 2634 saepissimepraepositionibus

234 2659 283 2721 usi
301 2663 384 2722 sunt.
429 2658 501 2723 Iam
521 2659 547 2722 si
568 2660 601 2722 in
623 2659 684 2722 hac
706 2679 741 2723 re
757 2679 848 2723 usum
862 2659 1027 2723 Ammiani
1045 2666 1076 2722 et
1092 2661 1293 2742 scriptorum,
1314 2681 1393 2742 quos

234 2764 381 2845 adhibui,
411 2767 585 2847 iutuemur,
618 2765 712 2830 facile
738 2768 941 2849 cognoscitur
963 2788 1072 2832 verum
1096 2788 1164 2831 esse
1187 2766 1273 2850 quod
1298 2767 1393 2831 modo

235 2872 383 2950 disserui,
412 2872 510 2938 dativi
531 2873 610 2938 fines
633 2873 827 2958 magnopere
847 2896 915 2940 esse
938 2881 1151 2959 propagatos,
1184 2877 1230 2939 ita
1253 2875 1391 2959 quidem,

236 2986 272 3045 ut
301 2982 494 3046 Ammianus
521 3003 593 3047 cum
621 2981 712 3047 Livio
739 2989 770 3048 et
793 2981 907 3048 Tacito
936 2985 968 3047 in
1001 2984 1061 3047 hoo
1091 3005 1167 3048 casu
1193 2983 1392 3048 admittendo

235 3089 443 3155 multifariam
474 3092 690 3172 consentiant,
722 3092 755 3156 id
783 3090 869 3174 quod
896 3112 959 3155 non
981 3092 1056 3155 item
1079 3092 1224 3156 convenit
1245 3093 1277 3155 in
1300 3113 1391 3156 usum

237 3197 401 3264 Ciceronis
435 3200 617 3283 saepissime
650 3201 878 3283 praepositioni
911 3198 1037 3263 cuidam
1073 3200 1221 3276 faventis,
1257 3200 1312 3264 ubi
1347 3201 1392 3264 illi

235 3306 377 3372 dativum
400 3313 582 3392 posueruut.

321 3437 450 3518 Rarius
466 3444 502 3504 ut
513 3439 588 3520 dixi,
601 3439 792 3502 Ammianus
805 3435 909 3500 verbis
919 3439 1187 3521 praepositionem
1199 3438 1247 3501 vel
1258 3437 1392 3502 eandem

236 3544 284 3608 vel
307 3546 403 3610 aliam
431 3547 540 3611 similis
571 3545 810 3630 significationis
834 3544 950 3609 adiecit
972 3547 1055 3610 inter
1077 3553 1272 3611 structuram
1294 3547 1391 3612 dativi

236 3658 268 3717 et
300 3656 568 3738 praepositionem
603 3655 782 3738 appositam
809 3653 935 3736 saepius
957 3654 1044 3718 nulla
1065 3654 1282 3719 intercedente
1304 3655 1392 3720 diffe-

236 3763 356 3844 rentia,
390 3762 423 3827 id
458 3764 545 3847 quod
571 3763 686 3827 docent
717 3762 778 3826 loci
812 3761 897 3826 velut
922 3761 1120 3842 „districtum
1150 3751 1332 3829 mucronem
1359 3766 1391 3828 in

235 3871 398 3954 proprium
427 3870 511 3935 latus
539 3871 678 3954 inpegit“
713 3874 744 3932 et
777 3869 888 3950 „lateri
908 3871 1045 3933 cultrum
1068 3907 1108 3916 —
1131 3870 1282 3954 inpegit“.
1328 3871 1392 3936 Ubi

236 3983 344 4042 autem
367 3979 504 4061 scriptor
524 3978 557 4042 id
577 3980 653 4062 agit,
676 3985 712 4042 ut
733 3978 794 4041 loci
818 3979 864 4041 vis
886 3983 1051 4060 prematur
1072 3975 1103 4042 et
1124 3981 1305 4044 accuratius
1328 3981 1391 4063 sig-

236 4085 397 4164 nificetur,
421 4092 477 4150 aut
500 4086 680 4150 distinctius
703 4086 913 4169 exprimatur,
946 4108 1028 4169 qnae
1049 4087 1131 4151 ratio
1153 4089 1237 4152 inter
1259 4087 1390 4151 verbum

237 4196 277 4258 sit
290 4201 321 4259 et
338 4194 584 4276 substantivum,
608 4216 671 4276 quo
694 4193 765 4258 finis
781 4195 916 4259 actionis
935 4200 1065 4278 spectet,
1086 4195 1281 4278 praepositio
1294 4191 1392 4258 habet

235 4302 339 4368 locum
357 4305 441 4368 velut
467 4302 540 4382 ,ubi
553 4303 593 4366 ad
608 4303 732 4366 moenia
749 4301 944 4367 confidenter
955 4304 1118 4381 accessit,“
1144 4301 1283 4384 „nobiles
1296 4302 1389 4382 viroS,

237 4411 351 4498 quibus
374 4411 415 4476 ad
439 4412 486 4476 sui
510 4412 694 4476 societatem
717 4410 880 4474 adnexis“.
