3232 5026
685 399 899 462 -53-

207 575 403 660 perhorrere
428 583 608 657 XXVIIII,
640 582 670 657 2,
697 583 736 644 4:
763 579 839 644 setis
870 599 968 642 nexos
1001 576 1123 660 equinis
1156 583 1189 642 et
1219 576 1373 661 occipitiis

253 685 473 752 incumbentes
495 686 619 770 gladios
639 688 879 772 perhorrebant.
1352 683 1355 688 “

206 821 417 898 prospectare
439 817 570 881 verbum
593 817 757 882 transitive
781 817 820 883 de
843 818 905 882 situ
932 815 1103 881 adhibetur
1125 818 1235 895 XVII,
1261 817 1311 894 12,
1335 817 1371 880 ὃς

249 923 282 986 in
301 944 338 987 ea
353 930 445 1006 parte
460 923 650 1007 Sarmatiae,
667 947 750 1009 quae
766 925 938 990 secundam
949 927 1136 1008 prospectat
1147 921 1365 1001 Pannoniam

254 1035 383 1111 XXIII,
406 1037 438 1113 6,
461 1036 517 1100 70:
548 1033 811 1118 Paropanisadae
837 1072 878 1082 -
910 1032 1011 1097 Indos
1035 1030 1076 1096 ab
1107 1031 1228 1096 oriente
1248 1028 1373 1096 Cauca·

253 1161 387 1224 sumque
415 1140 455 1207 ab
478 1142 669 1208 occidentali
687 1142 788 1208 latere
809 1144 1060 1227 prospectantes.

206 1291 361 1334 resonare
391 1275 500 1354 XVII,
541 1278 591 1354 11,
628 1277 660 1339 1:
698 1272 747 1337 his
785 1271 994 1355 congruentia
1029 1268 1168 1352 plurima
1196 1287 1306 1350 ‘aeque
1336 1269 1373 1331 nt

253 1378 467 1444 tintinnabula
487 1381 624 1464 principi
646 1385 840 1476 resonantes.

208 1505 340 1572 sufflare
366 1501 478 1587 XVII,
512 1514 542 1588 4,
569 1513 620 1573 12:
652 1508 817 1574 sufflantes
843 1507 1026 1573 adulatores
1058 1543 1101 1552 -
1127 1503 1369 1582 Constantium,

253 1619 414 1697 XXVIII,
449 1622 479 1696 4,
516 1623 569 1682 12:
610 1624 646 1681 ut
683 1620 767 1682 enim
801 1617 846 1681 illi
885 1615 1017 1681 sufflant
1055 1613 1170 1678 milites
1208 1612 1369 1696 gloriosos

252 1721 421 1787 Passivum
442 1725 559 1808 legitur
581 1725 661 1807 XV,
685 1731 716 1802 5,
736 1728 793 1792 37;
815 1724 1081 1791 Constantius-
1096 1720 1370 1804 magniloquentia

253 1829 443 1896 sufflabatur
458 1832 678 1915 adulatorum
697 1837 825 1914 XVIII,
842 1836 872 1914 6,
889 1839 923 1898 1:
940 1831 1133 1898 Sabinianus
1149 1817 1192 1876 έ-
1207 1827 1367 1894 sufflatus:

253 1937 377 2021 XXII,
407 1945 455 2019 14,
483 1945 515 2006 2:
546 1943 596 2006 ira
625 1940 816 2006 sufflabatur
844 1939 1023 2026 (Julianus)
1053 1939 1197 2015 interua;
1233 1939 1283 2017 16,
1314 1939 1366 2015 12;

251 2045 324 2110 altis
350 2047 479 2112 sufflata
511 2049 647 2132 fastigiis
677 2047 811 2132 templa3
847 2046 985 2128 XXVI,
1014 2051 1041 2124 1,
1073 2051 1111 2110 3:
1147 2044 1278 2128 quidam
1312 2064 1368 2128 spe

251 2173 334 2218 vana
354 2155 490 2221 sufflata.

706 2305 792 2408 Cap.
820 2303 872 2391 lll.

292 2473 367 2538 Hoc
389 2477 492 2559 capite
512 2477 552 2541 de
576 2477 615 2542 iis
642 2475 745 2540 verbis
774 2474 930 2540 disserere
958 2473 1058 2556 volui,
1090 2472 1205 2557 quibus
1238 2477 1367 2557 praeter
1485 2511 1487 2519 ·

205 2582 421 2646 accusativum
447 2583 639 2648 Ammianus
672 2583 768 2647 etiarn
799 2581 940 2646 dativum
969 2581 1151 2663 adiunxit.¹)
1195 2579 1367 2646 Eiusmodi

205 2687 303 2752 verba
322 2689 369 2753 ‘in
410 2711 505 2773 opere
535 2691 728 2755 Ammianeo
765 2690 869 2754 iuveni
901 2689 981 2754 haec
1013 2709 1140 2753 novem:
1187 2687 1364 2768 convenite,

204 2796 424 2881 ingemiscere,
447 2798 601 2880 insidere,
622 2798 750 2880 insilire,
772 2798 926 2875 insistere,
946 2796 1141 2880 obequitare,
1166 2795 1364 2886 obtrectare,

205 2906 340 2987 praeire,
368 2906 547 2973 succedere.
591 2906 736 2991 Quorum
763 2905 975 2970 Ammianeae
1007 2905 1161 2970 orationis
1194 2904 1365 2988 peculiaris

205 3019 253 3076 est
281 3013 370 3078 verbi
404 3014 629 3098 „obequitare“
663 3015 832 3079 transitiva
864 3018 1043 3094 structura,
1088 3033 1171 3096 quae
1203 3019 1300 3078 antea
1333 3014 1366 3080 in

204 3121 318 3186 litteris
347 3122 455 3187 latinis
488 3145 552 3187 non
584 3123 741 3202 occurrit,
775 3121 971 3205 reliquorum
994 3119 1163 3186 verborum
1194 3120 1292 3186 dativi
1317 3124 1366 3188 vel

204 3229 378 3294 accusativi
405 3251 480 3294 usus
503 3231 677 3296 Ammiano
700 3252 772 3296 cum
793 3230 855 3295 hoc
880 3229 973 3294 illovc
1001 3230 1202 3312 scriptorum,
1229 3250 1365 3313 quorum

204 3338 357 3400 sermonis
379 3337 411 3400 iu
434 3337 656 3403 dissertatione
678 3339 834 3422 imprimis
855 3338 1015 3402 rationem
1047 3337 1156 3417 habui,
1189 3338 1365 3403 communis

204 3450 253 3508 est
288 3452 419 3527 excepto
453 3445 550 3510 verbo
587 3447 745 3525 „insilire“
781 3468 801 3511 a
831 3445 982 3512 Sallustio
1016 3445 1183 3510 transitive
1218 3445 1358 3512 exhibito

203 3551 413 3617 Differentiae
446 3574 521 3618 vero
560 3559 811 3636 structurarum,
855 3556 881 3621 si
920 3575 1003 3638 quae
1039 3554 1124 3618 iuter
1154 3553 1365 3620 Ammiauum

204 3665 236 3722 et
271 3660 442 3742 scriptores
475 3659 636 3725 adhibitos
670 3659 967 3744 deprehenduntur,
1001 3659 1061 3726 sub
1097 3660 1229 3744 siugulis
1258 3661 1364 3728 uerbis

205 3766 411 3832 adnotantur.

289 3896 361 3962 Iam
381 3897 478 3980 siquis
498 3907 642 3980 quaerat,
677 3918 753 3961 num
783 3903 964 3963 structurae
994 3897 1091 3962 dativi
1113 3897 1162 3962 vel
1191 3898 1365 3962 accusativi

203 4003 251 4068 his
266 4002 371 4068 verbis
386 4003 482 4068 datae
500 4006 531 4069 iu
548 4007 641 4071 certis
658 4005 762 4069 causis
782 4007 905 4089 positae
921 4005 969 4071 vel
986 4005 1029 4070 ad
1044 4005 1153 4070 firmas
1169 4005 1255 4088 leges
1273 4027 1363 4070 revo-

205 4111 326 4176 candae
348 4111 421 4191 sint,
442 4110 609 4180 discrimen
634 4112 797 4198 quoddam
821 4114 947 4197 saepius
967 4115 1054 4178 cerni
1075 4134 1139 4178 uon
1161 4113 1364 4181 infitiandum

273 4340 293 4408 ¹)
319 4342 389 4394 Raro
416 4345 522 4395 tantum
551 4351 686 4410 praeterea
711 4345 872 4412 praepositio
901 4343 1030 4414 quaedam
1053 4343 1096 4398 rel
1117 4341 1204 4396 nudus
1229 4343 1363 4400 ablativus

204 4431 337 4502 leguntur.
