3232 5026
744 413 958 486 ...50-

313 576 507 671 „Druidae“;
530 592 587 658 sed
609 616 681 660 cum
705 594 911 680 paragrapho
933 600 1049 678 quarta
1069 593 1163 657 huius
1182 593 1295 676 capitis
1314 591 1427 658 eodem

311 697 419 763 codice
443 689 631 767 exhibeatur
654 702 853 783 „drasidae“,
885 724 949 766 non
975 702 1106 766 dubium
1135 723 1203 766 esse
1228 707 1320 784 puto,
1351 702 1427 783 quin

310 804 580 874 Gardthausenus
601 814 639 875 ut
659 810 757 893 pa'ulo
779 816 854 874 ante
876 807 934 893 pro
966 815 1117 893 corrupto
1144 809 1283 889 „dratis“
1307 810 1354 872 ita
1376 808 1428 872 hic

309 921 395 980 recte
424 916 457 980 in
484 923 574 982 textu
603 920 747 1001 posuerit
776 917 976 997 „drasidae“.
1021 918 1106 1003 (con.
1129 918 1291 984 Ammian.
1324 939 1356 1000 p.
1386 918 1427 996 6.)

265 1020 391 1088 difflare
414 1023 533 1101 XXV,
553 1030 583 1103 9,
608 1031 645 1090 7:
666 1023 864 1090 difflantibus
887 1026 1034 1109 procellis
1057 1047 1129 1089 rem
1151 1024 1321 1109 publicam.

266 1129 394 1196 eludere
419 1135 449 1212 1)
471 1159 515 1186 =
537 1133 658 1215 ahquid
680 1133 806 1197 irritum
830 1131 964 1198 reddero
988 1132 1151 1214 XXIIII,
1173 1138 1203 1214 4,
1230 1137 1282 1197 15:
1306 1132 1429 1197 Persae

308 1277 349 1288 -
370 1238 498 1304 eludere
517 1245 562 1288 '—-
590 1241 733 1305 exitiales
762 1235 900 1324 impetus
929 1241 1140 1308 conabantur.
1186 1242 1219 1327 2)
1242 1266 1285 1292 =
1307 1239 1429 1320 fallere,

308 1346 456 1431 decipere
478 1347 618 1429 XXVI,
643 1353 672 1428 9,
696 1353 732 1414 6:
755 1349 850 1414 elusis
872 1349 1026 1416 hostibus,

266 1454 454 1521 erubescere
477 1457 606 1522 verbum
633 1478 672 1522 ex
698 1479 758 1522 usu
780 1463 949 1542 poetarum
979 1465 1012 1522 et
1038 1476 1154 1541 prosae
1177 1458 1331 1522 orationis
1354 1479 1429 1523 auc-

311 1569 417 1629 torum
448 1565 661 1649 posteriorum
691 1567 728 1633 A.
761 1567 927 1631 transitive
959 1566 1125 1650 usurpavit
1158 1564 1276 1648 XIIII,
1311 1570 1340 1646 6,
1372 1571 1427 1631 11:

307 1673 438 1739 dotatur
460 1694 500 1738 ex
520 1674 645 1740 aerario
663 1672 729 1738 filia
745 1672 904 1758 Scipionis
920 1695 991 1739 oum
1006 1673 1155 1739 nobihtas
1170 1673 1281 1738 florem
1297 1673 1430 1740 adultae

307 1783 436 1864 virginis
454 1781 638 1863 diuturnum
654 1781 800 1847 absentia
817 1783 966 1866 pauperis
986 1780 1187 1846 erubesceret
1202 1781 1315 1865 patris.
1359 1781 1427 1846 Pro

307 1888 460 1954 mendosa
478 1888 624 1954 codicum
654 1891 813 1973 scriptura
839 1888 1055 1968 „absentiam“
1082 1888 1229 1956 Valesius
1256 1888 1428 1972 legendum

305 1998 457 2083 proponit
483 1998 681 2078 ,absentia“,
704 1996 790 2081 quod
813 1996 1084 2082 Eyssenhardtius
1104 2004 1136 2061 et
1159 1997 1428 2074 Gardthausenus

288 2109 338 2194 ,in
359 2112 449 2171 textu
472 2106 717 2170 collocaverunt.
763 2105 836 2190 Qua
859 2106 1034 2170 mutatione
1065 2112 1195 2188 recepta
1226 2128 1298 2172 cum
1328 2105 1428 2170 verba

305 2214 394 2278 haud
415 2214 461 2278 ita
484 2211 619 2277 obscure
642 2213 729 2277 dicta
752 2213 825 2292 sint,
847 2219 883 2277 ut
905 2233 969 2277 non
985 2213 1222 2296 intellegantur,
1245 2215 1323 2279 nihil
1337 2213 1427 2278 aliud

305 2323 493 2388 mutandum
507 2344 574 2387 esse
588 2328 679 2405 puto;
698 2343 773 2386 nam
786 2321 919 2404 „florem
935 2320 1064 2386 adultae
1076 2323 1205 2405 virginis
1219 2322 1430 2389 diuturnum‘·'

304 2430 402 2495 verba
418 2431 495 2515 quin
513 2429 598 2494 idem
617 2449 730 2494 sonare
748 2428 870 2512 possint
886 2428 973 2512 quod
994 2427 1266 2511 „obsolesoentem
1282 2430 1426 2515 florem“,

302 2525 337 2604 id
358 2539 445 2623 quod
468 2537 675 2606 Guentherus
702 2544 815 2620 negat,
843 2537 930 2602 haud
961 2537 1077 2601 dubius
1105 2559 1182 2606 sum.
1227 2538 1336 2623 Quare
1358 2563 1423 2607 non
1473 2587 1476 2598 .

304 2669 385 2732 opus
407 2669 475 2713 esse
497 2667 611 2712 censeo
635 2646 856 2711 emendatione
872 2646 1053 2713 Guentheri
1073 2669 1104 2731 p.
1121 2650 1140 2712 9
1156 2668 1203 2731 sq.
1218 2653 1426 2732 proponentis

307 2777 398 2838 „cum
421 2793 462 2805 —
485 2747 637 2820 diuturna
658 2756 861 2820 interiturum
884 2755 1030 2821 absentia
1052 2757 1202 2839 pauperis
1224 2758 1426 2824 erubesceret

143 2925 146 2932 .
174 2895 176 2899 ·
303 2865 433 2950 patris.“
479 2862 529 2928 De
553 2862 710 2929 infinitivo
733 2863 829 2929 verbo
852 2863 963 2929 addito
986 2863 1043 2930 cfr.
1064 2863 1217 2932 Kalleub.
1240 2889 1272 2948 p.
1297 2870 1346 2934 16.

260 2971 417 3039 exsudare
438 2971 566 3037 verbum
590 2972 747 3038 translato
771 2993 866 3037 sensu
881 2971 1083 3036 transitivum
1097 2969 1202 3036 induit
1218 2973 1281 3036 vim
1300 2972 1423 3056 XIIII,

305 3083 354 3158 10,
380 3085 435 3147 11:
456 3085 531 3165 post
554 3079 726 3145 exsudatos
745 3079 874 3145 labores
895 3079 1045 3143 itinerum
1067 3079 1190 3161 longos.

260 3188 451 3256 extuberans
473 3187 606 3253 verbum
636 3188 723 3272 apud
754 3188 834 3252 alios
868 3187 1039 3269 scriptores
1069 3186 1195 3250 nonnisi
1225 3186 1425 3251 intransitive

301 3303 493 3383 usurpatum
506 3297 696 3362 Ammianus
709 3318 790 3360 unus
802 3296 833 3359 vi
848 3295 1017 3359 transitiva
1035 3293 1140 3358 induit
1153 3293 1280 3374 XXII,
1300 3298 1350 3377 15,
1363 3297 1420 3360 23:

303 3407 492 3474 extuberato
515 3411 643 3484 ventre;
667 3403 783 3484 XXV,
811 3405 858 3483 10,
885 3406 939 3470 13:
962 3403 1151 3468 extuberato
1174 3404 1287 3487 capite.

256 3520 426 3600 increpare
444 3513 541 3580 verbo
558 3513 644 3579 omni
662 3512 831 3577 latinitatis
852 3517 959 3576 aetate
977 3512 1143 3576 transitive
1159 3511 1303 3577 adhibito
1325 3513 1422 3576 etiam

300 3625 343 3692 A.
367 3624 583 3690 accusativum
605 3621 792 3705 adscripsit;
823 3618 932 3684 Livius
955 3641 1029 3685 vero
1059 3641 1302 3704 nonnumquam
1329 3642 1420 3704 prae-

300 3733 491 3818 positionem
523 3731 705 3814 geminavit.
751 3727 879 3812 Ubique
910 3727 978 3793 fere
1006 3727 1138 3793 verbum
1167 3729 1215 3793 ita
1243 3729 1421 3810 exhibetur,

298 3843 387 3907 utel
410 3841 481 3926 plus
503 3841 645 3905 miuusvc
666 3838 754 3902 notio
775 3837 966 3921 reprehendi
989 3837 1037 3901 vel
1068 3836 1262 3920 obiurgandi
1294 3838 1335 3902 sit
1365 3836 1422 3902 ad-

300 3951 400 4016 mixta
438 3951 551 4028 XIIII,
586 3952 617 4029 7,
652 3949 688 4013 8:
723 3945 865 4010 Montius
900 3945 1083 4030 Epigonum
1118 3951 1150 4011 et
1177 3945 1352 4011 Eusebium
1378 3984 1422 3995 -

301 4059 494 4143 aliquotiens
505 4055 710 4140 increpabat,
728 4053 808 4133 XV,
819 4057 849 4134 8,
865 4057 922 4121 13:
941 4053 1083 4117 modeste
1098 4053 1268 4138 increpans
1281 4053 1419 4134 desides,

299 4165 396 4247 XVI,
418 4169 467 4244 12,
490 4167 548 4232 40:
575 4163 703 4230 eosdem
725 4163 827 4228 lenius
849 4163 1034 4246 increpans;
1073 4163 1123 4240 12,
1146 4164 1203 4230 64:
1231 4169 1267 4226 ut
1290 4169 1421 4246 agentes

298 4276 495 4359 petulantius
518 4274 633 4338 milites
655 4271 844 4356 increpabat
867 4269 906 4355 (J
909 4270 1061 4351 ulianus);
1085 4268 1222 4349 XVIII,
1247 4272 1274 4346 8,
1299 4275 1334 4336 ὃς
1367 4272 1422 4337 ob·

298 4384 474 4466 iurgatorio
497 4403 578 4448 sonu
598 4381 684 4446 vocis
707 4380 880 4463 increpitus
898 4377 1123 4464 (Antoninus);
1144 4382 1290 4460 XXIIH,
1315 4382 1421 4462 2,15:

298 4491 440 4558 fodicare
462 4498 660 4576 —paratos
686 4489 852 4555 valvarum
881 4488 985 4553 latera
1017 4524 1058 4539 -
1086 4487 1214 4554 vocibus
1247 4488 1439 4574 increpans·
