3232 5026
657 401 955 468 muro-

269 577 424 644 redimere
445 575 577 644 verbum
599 597 672 640 cum
693 598 805 662 praep.
830 576 911 657 „ab“
933 574 1051 658 legitur
1065 577 1213 656 XXIIII,
1234 576 1264 653 3,
1283 577 1321 638 4:
1345 567 1424 636 auro

313 686 418 769 quiete
439 707 459 750 a
480 683 628 749 barbaris
649 674 827 769 redempta.

268 793 376 859 redire
399 792 498 859 verbo
520 790 647 858 abonis
663 790 873 877 scriptoribus
889 796 921 858 et
935 789 1028 855 Livio
1039 810 1111 855 cum
1126 787 1425 874 praepositionibus,

311 923 332 966 a
353 899 471 968 Tacito
493 922 568 966 vero
590 908 759 985 praeterea
783 921 855 966 cum
878 899 964 965 nudo
992 897 1132 965 ablativo
1155 899 1324 964 coniuncto
1347 895 1426 961 Am-

311 1010 436 1074 mianus
464 1031 576 1094 praep.
606 1016 682 1090 „ex“
708 1008 879 1093 adscripsit
898 1011 1025 1086 XXVI,
1049 1012 1079 1087 b,
1104 1011 1159 1072 15:
1193 1006 1270 1071 dum
1292 1027 1331 1072 ex
1355 1003 1426 1070 loco

311 1117 444 1184 subinde
466 1117 630 1182 saltuatim
652 1118 760 1182 redire
788 1116 976 1181 festinamus
1004 1116 1037 1180 iu
1065 1115 1178 1182 locum.
1236 1113 1342 1180 Semel
1370 1111 1426 1176 ad·

313 1225 454 1292 verbium
477 1226 540 1292 loci
561 1232 667 1292 exstat
696 1225 795 1305 XVI,
822 1229 872 1308 11,
896 1227 933 1290 6:
972 1223 1056 1288 unde
1092 1223 1252 1289 redituros
1286 1221 1425 1286 didicere

314 1333 500 1402 Germanos.
1354 1346 1356 1351 ⁴

268 1442 421 1508 reducere
456 1441 588 1507 verbum
625 1447 661 1506 ut
703 1439 790 1524 apud
828 1439 956 1504 Livium
1000 1460 1109 1522 praep.
1160 1437 1240 1518 „ab“
1282 1436 1427 1520 sequitur

307 1555 435 1630 ΧΧΠΙ,
459 1554 489 1623 5,
520 1553 575 1616 12:
610 1571 690 1633 quos
721 1549 846 1634 (equos)
874 1553 958 1632 potu
979 1549 1114 1612 satiatos
1136 1567 1156 1610 a
1182 1545 1312 1611 flumine
1333 1543 1426 1609 redu-

308 1647 402 1724 cebat
423 1658 549 1745 (miles).
623 1647 625 1650 ⁵

262 1765 387 1832 referre
407 1767 540 1832 verbum
562 1788 582 1831 a
604 1765 760 1833 Cicerone
783 1786 854 1831 cum
882 1784 992 1848 praep.
1022 1767 1099 1844 ‚‚ex“
1132 1761 1313 1827 adhibitum
1339 1758 1427 1845 apud

307 1877 346 1941 A.
369 1897 479 1960 praep.
504 1858 595 1956 „ab‘s
609 1895 715 1940 secum
738 1874 837 1939 babet
870 1873 998 1950 XXVI,
1022 1874 1050 1952 1,
1076 1874 1108 1935 1;
1139 1875 1333 1936 convenerat
1362 1870 1427 1934 iam

312 1982 432 2048 referre
455 2005 475 2048 a
496 1982 674 2049 notioribus
696 1980 819 2066 pedem.
864 1978 1064 2045 Adverbium
1086 1976 1148 2043 loci
1169 1977 1288 2062 legitur
1307 1976 1427 2058 XXV,

313 2095 344 2164 4,
380 2093 439 2156 25:
478 2089 676 2175 triumphum
710 2088 822 2155 exinde
854 2088 1016 2152 relaturus
1045 2085 1225 2172 (Julianus)
1251 2091 1285 2151 et
1312 2106 1428 2170 cogno·

308 2197 460 2266 mentum.

262 2306 393 2392 regredi
414 2305 564 2387 verbum,
599 2305 649 2369 oui
671 2304 804 2370 Tacitus
827 2305 924 2369 semel
952 2325 1062 2389 praep.
1089 2304 1181 2385 „ab“,
1211 2301 1310 2367 semel
1341 2301 1429 2365 abla-

312 2416 410 2480 tivum
431 2415 568 2480 nominis
590 2414 712 2478 insulae
732 2413 866 2494 addidit,
889 2412 976 2497 apud
998 2412 1040 2480 A.
1055 2414 1198 2489 iunctum
1216 2411 1335 2493 legitur
1357 2430 1428 2473 cum

309 2522 598 2609 praepositionibus
619 2523 652 2606 a)
678 2521 759 2603 ,ab“
784 2525 911 2602 XXVI,
930 2526 958 2602 7,
986 2525 1037 2588 14:
1057 2521 1237 2603 Procopius
1267 2515 1429 2581 aNioaea

311 2653 487 2715 regressus3
512 2634 656 2709 XXVII,
681 2635 709 2710 7,
736 2634 769 2695 l:
802 2629 1029 2694 Mamertinum
1050 2627 1251 2713 praefectum
1266 2626 1429 2708 praetorio

314 2743 351 2804 ab
382 2739 463 2805 urbe
496 2760 687 2823 regressum.
730 2738 763 2819 b)
794 2738 873 2819 „de“
908 2736 989 2819 XX,
1026 2741 1054 2814 8,
1088 2744 1125 2805 4:
1161 2734 1430 2802 cubiculariorum

314 2867 423 2913 recens
446 2846 486 2911 de
501 2845 617 2914 Galliis
639 2865 867 2930 regressorum.
905 2845 1182 2930 „Regressorum“
1208 2865 1279 2908 cum
1295 2841 1429 2910 Gelenio

313 2959 345 3019 et
360 2953 614 3022 Gardthauseno
637 2952 839 3019 scribendum
861 2975 929 3020 esse
951 2975 1067 3020 censeo
1089 2958 1204 3020 contre
1227 2951 1370 3018 codicum
1397 2959 1429 3018 et

307 3062 531 3148 plerorumque
562 3061 722 3128 editorum
752 3062 943 3146 scripturam
977 3066 1279 3149 „praegressorum“
1313 3061 1427 3128 idoneo

310 3191 403 3236 sensu
425 3176 596 3237 carentem.
751 3178 753 3184 '
1426 3181 1427 3186 ’

262 3278 429 3346 remittere
452 3278 558 3358 verbo,
581 3277 667 3363 quod
688 3276 798 3342 Livius
820 3299 892 3343 cum
925 3300 1034 3364 praep.
1074 3277 1167 3362 „ab“,
1201 3279 1314 3346 Cicero
1334 3301 1426 3364 prac-

307 3393 397 3452 terea
419 3409 491 3454 cum
515 3387 593 3467 ‚‚de“
622 3393 654 3452 et
680 3391 756 3466 „ox“
780 3387 922 3452 iunctum
948 3387 1107 3466 exhibent,
1132 3387 1172 3456 A.
1196 3409 1298 3473 aeque
1328 3395 1425 3472 atque

309 3493 441 3576 Tacitus
472 3518 582 3581 praep.
615 3495 694 3562 ..de“
729 3495 858 3560 admisit
878 3499 970 3570 XVI,
1004 3499 1053 3574 12,
1090 3499 1129 3560 18
1160 3499 1282 3563 cunctis
1313 3497 1425 3584 igitur·

309 3605 440 3668 summis
474 3603 654 3686 infimisque
694 3601 949 3686 adprobantibus
986 3609 1062 3668 tunc
1101 3612 1256 3687 oportune
1293 3628 1425 3692 congre·
1480 3661 1486 3672 .

309 3711 460 3776 diendum
490 3733 549 3777 nec
572 3711 612 3775 (16
644 3711 752 3794 rigore
775 3711 955 3777 animorum
978 3712 1146 3796 quicquam
1173 3714 1427 3794 remittentibus3

310 3823 438 3901 XXXI,
462 3825 491 3899 7,
516 3825 572 3886 15:
596 3839 655 3883 nec
690 3818 730 3883 de
751 3821 857 3903 rigore
876 3821 1014 3904 genuino
1036 3821 1203 3904 quisquam
1232 3822 1426 3889 remittebat.

311 3927 502 4014 Adstipulor
524 3927 712 3996 Guenthero
742 3950 772 4012 p.
795 3932 837 3993 57
863 3951 908 4012 sq.
931 3929 1133 3994 scribendum
1155 3933 1296 3996 censenti
1320 3934 1425 4015 „quic-

274 4063 276 4068 ·
311 4059 407 4121 quarn
451 4037 673 4117 remittebant;
711 4058 786 4101 nam
830 4037 1075 4118 „remittebant“
1111 4037 1278 4104 exhibetur
1316 4040 1425 4108 codice

311 4144 479 4212 Vaticano.
521 4145 578 4211 cfr.
599 4146 702 4212 locum
726 4144 822 4210 modo
844 4146 988 4211 allatum.

269 4273 433 4320 removere
454 4251 550 4319 verbo
570 4254 613 4319 A.
637 4261 674 4320 ut
696 4253 810 4320 Cicero
840 4260 873 4318 et
900 4254 1034 4320 Tacitus
1056 4275 1181 4337 semper
1207 4275 1316 4339 praep.
1341 4257 1421 4338 „ab“

271 4398 276 4409 ·
310 4361 480 4442 subiunxit,
502 4383 574 4427 cum
596 4361 706 4429 Livius
724 4363 766 4428 ab
787 4350 850 4427 hac
872 4361 999 4428 dicendi
1024 4363 1148 4428 ratione
1175 4363 1222 4427 ita
1246 4367 1424 4447 recesserii,

273 4523 275 4527 ,
311 4477 347 4536 ut
369 4472 466 4536 etiam
489 4470 609 4536 nudum
631 4471 806 4537 ablativum
829 4477 938 4554 ponat.
982 4470 1062 4536 Loci
1076 4476 1150 4534 suut
1166 4469 1214 4538 bi:
1232 4470 1311 4556 XV,
1336 4478 1364 4554 7,
1389 4478 1423 4548 7:
