3232 5026
672 411 886 475 ...49-

239 578 388 661 potiundi
410 578 519 661 oppidi
541 600 581 642 ne
603 587 753 664 prompta
786 581 915 664 quidem
941 581 1082 663 pericula
1109 581 1358 649 contremebant.

240 683 353 750 (lodex
376 686 555 753 Vaticanus
586 689 721 770 praebet
752 695 937 772 corruptam
972 673 1163 770 scripturam
1201 695 1359 768 „contem-

239 794 391 871 neliant“,
408 815 467 877 pro
487 816 551 877 qua
567 794 661 878 Pbga
676 795 797 861 habent
817 796 1117 877 „contemnebant“.
1164 793 1231 860 Sed
1253 817 1294 859 ne
1314 797 1359 860 sic

240 901 369 984 quidem
387 903 493 966 omnia
505 902 589 966 bona
601 908 635 966 et
645 908 734 967 recta
747 909 830 970 sunt.
867 903 948 969 Oum
959 904 1042 967 enim
1054 903 1242 985 scriptorem
1255 903 1360 968 dicere

239 1009 375 1075 voluisse
396 1016 553 1094 appareat
572 1010 736 1076 Romanos
759 1011 925 1076 machinas
946 1012 1047 1075 muris
1059 1069 1061 1072 .
1075 1010 1164 1074 urbis
1186 1009 1359 1076 Bezabdae

240 1116 397 1197 admotas,
429 1139 509 1200 quas
528 1117 649 1188 Persae
679 1119 818 1182 maxima
839 1118 870 1182 vi
893 1139 1024 1183 exurere
1048 1116 1261 1189 enitebantur,
1284 1117 1360 1182 licet

239 1245 364 1288 summa
393 1224 581 1290 difficultate
614 1217 793 1291 defendisse
815 1233 847 1291 et
876 1229 1050 1311 cupiditate
1078 1225 1187 1310 oppidi
1213 1226 1360 1309 potiundi

239 1337 416 1395 commotos
439 1332 536 1396 etiam
565 1339 677 1415 aperta
694 1334 850 1416 ‚pericula
879 1337 971 1418 parvi
998 1336 1197 1412 aestimasse,
1228 1333 1359 1398 verbum

241 1440 539 1522 „contemnebant“‚
562 1443 680 1524 quippe
703 1441 789 1524 quod
811 1444 1002 1508 sententiam
1018 1442 1136 1507 efficiat
1153 1443 1358 1524 contrariam,

239 1545 319 1610 ferri
345 1549 462 1630 nequit.
508 1547 616 1632 Quare
639 1549 712 1615 Pet.
735 1548 869 1634 Langen
893 1550 1020 1636 (Philol.
1039 1555 1210 1617 XXVIIII
1231 1573 1265 1634 p:
1283 1553 1360 1636 487)

238 1654 441 1720 scribendum
476 1678 545 1722 esse
579 1657 713 1722 coniecit
745 1659 1038 1740 ,contremebant“,
1075 1658 1175 1742 quod,
1209 1668 1246 1723 ut
1282 1661 1360 1724 mihi

238 1762 366 1846 quidem
389 1765 523 1847 videtur,
552 1761 821 1832 Gardthausenus
845 1789 902 1832 suo
925 1768 994 1832 iure
1018 1767 1193 1851 adoptavit,
1221 1789 1294 1832 oum
1316 1767 1359 1832 ad

236 1860 520 1936 litterata-aditae
542 1894 642 1957 prope
665 1874 798 1938 accedat
817 1881 849 1939 et
871 1874 913 1938 ad
940 1875 1173 1937 sententiarum
1204 1895 1357 1938 conexum

117 1985 121 1990 ’
237 1985 324 2053 certe
348 1981 389 2044 sit
421 1981 705 2062 accommodatum.
756 1980 885 2046 Nullius
915 2002 991 2045 vero
1024 1982 1178 2046 momenti
1204 2003 1272 2047 esse
1306 2003 1357 2046 ex-

237 2088 359 2170 istimo,
399 2088 486 2172 quod
519 2089 651 2154 verbum
691 2095 926 2168 ,‚contremere“
960 2091 1084 2172 priscae
1118 2089 1286 2154 latinitatis
1317 2090 1358 2153 sit

238 2194 411 2278 proprium,
434 2218 506 2261 oum
523 2198 715 2262 Ammianus
736 2199 816 2262 talia
834 2199 933 2264 verba
955 2199 1081 2281 saepius
1098 2197 1202 2263 denuo
1217 2200 1250 2262 in
1265 2220 1356 2263 usum

238 2304 447 2386 assumpsisse
468 2311 580 2368 notum
604 2306 653 2371 sit.

192 2409 380 2474 demussare
401 2412 549 2494 verbum,
578 2412 664 2495 quod
687 2412 808 2495 primus
828 2412 983 2496 Apuleius
1005 2413 1179 2495 usurpavit,
1204 2412 1291 2495 apud
1313 2414 1356 2477 A.

238 2522 343 2582 exstat
373 2518 501 2599 XXX,
534 2525 566 2599 1,
600 2524 656 2583 15:
689 2521 831 2600 iniuriis,
873 2541 953 2603 quas
982 2520 1174 2603 pertulerat,
1211 2519 1356 2585 omnibus

239 2625 436 2693 demussatis.
915 2663 918 2679 v

192 2733 362 2818 deplorare
388 2733 469 2816 XV,
500 2739 529 2816 8,
562 2741 596 2800 1:
631 2734 758 2799 adsidui
792 2735 895 2799 nuntii
922 2733 1105 2818 deploratas
1137 2735 1202 2799 iam
1231 2735 1356 2800 Gallias

235 2842 425 2922 iudicantes,
451 2843 570 2924 XVII,
598 2846 646 2924 12,
673 2848 726 2909 19:
750 2863 834 2925 quae
854 2843 1077 2924 deplorantes;
1103 2843 1246 2915 XXVII,
1266 2849 1294 2923 9,
1319 2848 1356 2911 6:
1474 2916 1478 2924 ,

237 2951 410 3035 deploratis
432 2953 601 3017 novissime
622 2951 733 3030 rebus3
755 2950 916 3034 XXVIII,
942 2955 969 3031 1,
993 2955 1052 3016 56:
1076 2952 1156 3016 haec
1177 2991 1220 3000 —-
1242 2952 1356 3018 funera

239 3057 316 3122 urbs
340 3058 517 3142 deploravIt
539 3065 680 3127 aeterna.

192 3165 380 3250 despectare
414 3166 545 3231 verbum
577 3169 742 3231 transitive
778 3166 896 3250 legitur
928 3166 1041 3244 XIIII,
1078 3171 1125 3245 11,
1159 3170 1217 3231 25:
1256 3190 1354 3252 qnam

236 3273 428 3361 (Nemesim)
450 3275 590 3358 theologi
610 3282 731 3341 veteres
756 3314 797 3324 -
822 3297 860 3340 ex
878 3275 989 3340 abdita
1004 3275 1144 3359 quadam
1161 3279 1353 3347 aeternitate

235 3381 369 3446 tradunt
403 3383 510 3447 omnia
539 3382 725 3466 despectare
757 3389 900 3462 terrena3
934 3388 1096 3465 XXVIII,
1134 3387 1165 3464 4,
1201 3388 1260 3448 34;
1300 3385 1353 3448 alii

236 3512 389 3555 nauseam
406 3490 556 3554 horridae
579 3492 683 3555 carnis
706 3492 921 3556 -intentius
945 3491 1175 3573 despectantes.
1220 3491 1272 3556 De
1290 3495 1353 3558 situ

235 3598 377 3662 locorum
413 3596 533 3662 dictum
566 3606 615 3661 est
647 3598 791 3679 XVIII,
828 3603 860 3678 9,
891 3601 927 3664 2:
966 3598 1217 3681 Mesopotamiae
1255 3601 1353 3683 plana

237 3705 402 3789 despectat
428 3706 546 3788 (urbs);
587 3710 733 3784 XVIIII,
761 3711 790 3788 5,
820 3711 853 3771 4:
889 3705 930 3769 In
960 3711 1118 3769 summoto
1148 3706 1219 3770 loco
1251 3710 1352 3790 partis

235 3813 430 3878 meridianae
446 3834 621 3894 murorum,
644 3835 727 3897 quae
750 3813 915 3897 despectat
934 3812 1064 3876 fluvium
1086 3811 1223 3898 Tigrim
1256 3820 1352 3894 XXI,

237 3923 285 4000 10,
298 3923 330 3987 3:
344 3919 499 3986 Thracias
515 3921 736 4005 despectantes
749 3922 901 4007 (montes)
917 3928 949 3985 et
962 3921 1209 4006 Philippopolim
1219 3942 1228 4006 3
1240 3927 1351 4000 XXII,

236 4031 265 4109 8,
297 4031 333 4094 8:
365 4029 533 4112 supercilia
563 4031 630 4094 eius
661 4031 789 4094 sinistra
811 4030 957 4112 Athryas
974 4044 1086 4112 portus
1108 4068 1149 4082 -
1170 4030 1351 4113 despectat3

237 4142 286 4221 15,
310 4143 345 4205 8:
367 4138 534 4222 despectat
554 4139 672 4226 (mons)
696 4160 865 4217 ooeanum;
887 4141 1015 4216 XXIII,
1040 4140 1069 4217 6,
1088 4139 1144 4203 13:
1169 4137 1351 4220 Mesopota·

234 4248 331 4312 miam
358 4285 400 4294 -
433 4247 610 4329 despectat.
638 4277 682 4302 τ-
710 4246 872 4330 despicere
902 4255 1105 4312 contemnere
1134 4249 1210 4327 XV,
1245 4250 1274 4327 9,
1313 4251 1349 4312 8:

235 4353 384 4420 drasidas
419 4393 463 4402 —-
499 4354 722 4438 despectantes
762 4355 904 4420 humana
939 4355 1190 4438 pronuntiarunt
1227 4357 1350 4420 animas

233 4463 427 4531 inmortales.
471 4462 511 4528 In
532 4461 614 4528 libro
636 4463 792 4534 Vaticano
813 4463 930 4545 legitur
948 4460 1156 4544 „dryaridae‘
1183 4467 1215 4525 et
1230 4462 1264 4525 in
1286 4462 1350 4546 bga

1218 4583 1236 4634 4
