3232 5026
711 409 923 470 ...57-

277 575 416 642 iumento
446 578 590 661 pulsaret
622 580 809 645 inconsulto.
864 577 1038 643 Librorum
1069 601 1167 644 manu
1204 580 1400 663 scriptorum·

276 682 369 748 lectio
391 685 470 750 haec
493 691 541 751 est
564 687 724 766 „iumento
746 686 890 770 pulserat
913 691 1096 766 consuetos
1129 709 1212 769 quae
1241 693 1289 752 est
1312 687 1394 750 vitiis

277 790 461 875 depravata.
526 792 592 859 Pro
630 794 811 878 ..pulserar‘
858 792 1165 877 plusquamperfecti
1208 793 1312 860 forma
1355 814 1395 858 ne
1488 789 1490 794 ’

276 897 449 964 Ammiano
473 901 600 984 quidem
629 901 799 966 tribuenda
823 901 859 968 O.
882 901 920 965 F.
945 900 996 965 W.
1019 899 1193 966 Muellerus
1217 901 1339 986 (Fleck.
1359 899 1394 964 J.

277 1007 400 1074 tPhil.
426 1013 485 1076 107
505 1034 535 1094 p.
560 1015 638 1094 364)
662 1011 774 1094 procul
796 1011 894 1075 dubio
918 1015 1004 1074 recte
1027 998 1129 1074 tertui
1149 1009 1289 1074 reddidit
1307 1008 1395 1092 „pul-

277 1122 395 1183 sarat“.
440 1117 534 1202 and
558 1125 665 1183 autem
690 1118 774 1183 idem
801 1141 860 1200 pro
886 1123 1076 1198 „consuetc“
1099 1117 1203 1182 ordini
1226 1117 1395 1182 verborum

277 1225 374 1289 inseri
397 1226 463 1290 vult
487 1226 686 1308 „conflictu“,
709 1248 773 1291 non
795 1233 863 1291 tam
883 1227 988 1291 locum
1009 1227 1144 1308 sanavit,
1168 1248 1266 1309 quam
1283 1227 1395 1290 vitium

277 1331 411 1412 detexit,
438 1355 510 1398 cum
532 1334 741 1398 Ammianum
771 1334 892 1399 addere
924 1334 1073 1412 voluisse,
1104 1334 1189 1398 unde
1215 1333 1398 1398 innocentia

277 1443 433 1522 stratoris,
457 1442 512 1525 qui
535 1463 612 1506 casu
635 1464 698 1506 non
715 1443 845 1508 consilio
862 1443 1089 1525 imperatorem
1106 1464 1187 1524 equo
1209 1441 1398 1506 insilientem

276 1549 439 1613 iuvaturus
455 1550 648 1632 pulsaverat,
666 1550 885 1615 declararetur
903 1549 1118 1632 Kiesslingius
1138 1552 1218 1635 (con.
1233 1548 1395 1614 Ammian.

276 1656 339 1722 ind.
362 1657 459 1722 schol.
483 1664 561 1724 aest.
590 1658 768 1742 Gryphisu
794 1663 877 1725 1874
900 1681 929 1742 p.
953 1659 987 1744 3)
1014 1680 1138 1722 summa
1167 1656 1396 1742 probabilitate

277 1772 406 1830 statuat.
452 1765 562 1850 Quare
584 1789 655 1830 cum
673 1790 709 1832 eo
728 1767 944 1848 „inconsulto“
963 1767 1140 1834 conicientc
1158 1787 1290 1850 prorsus
1305 1765 1397 1832 facio.

276 1877 305 1956 2)
330 1876 528 1939 accusativus
552 1875 697 1956 XXXI,
722 1880 751 1956 3,
772 1881 808 1940 8:
832 1876 1008 1958 imperator
1031 1914 1073 1922 -—
1094 1875 1236 1940 insiliens
1252 1876 1398 1942 funerum

276 1982 385 2046 moles.

232 2090 377 2154 insistere
400 2090 496 2155 verbo
518 2091 550 2154 iu
576 2091 791 2156 construendo
814 2092 863 2172 A,
894 2090 950 2154 ubi
983 2091 1139 2155 translate
1171 2093 1310 2176 positum
1342 2099 1398 2175 est,

277 2219 401 2282 semper
419 2198 560 2262 dativum
577 2198 723 2276 admisit3
746 2200 802 2263 ubi
820 2221 896 2266 vero
914 2200 1079 2284 propriam
1093 2199 1191 2265 habet
1207 2203 1278 2280 vim,
1303 2203 1399 2266 etiam

277 2307 407 2390 singulis
426 2307 504 2370 locis
527 2306 613 2370 nudo
637 2307 778 2374 ablativo
803 2313 836 2372 et
857 2309 1039 2374 accusativo
1062 2329 1138 2372 usus
1162 2314 1217 2373 est.
1263 2309 1336 2393 Qua
1357 2311 1398 2374 ab

276 2417 400 2480 ratione
417 2413 530 2482 Cicero
551 2418 597 2480 ita
616 2416 770 2498 discessit,
794 2422 830 2482 ut
848 2423 944 2484 verbo
964 2438 1058 2482 seusu
1075 2417 1169 2480 locali
1185 2417 1271 2480 dicto
1285 2438 1397 2500 praep.

279 2525 348 2604 „in“
373 2545 399 2590 c.
423 2523 495 2605 abl,
521 2525 680 2589 translata
702 2545 777 2590 vero
801 2525 830 2587 vi
857 2532 986 2609 praeter
1008 2525 1150 2588 dativum
1179 2525 1278 2588 etiam
1305 2545 1398 2588 aecu-

276 2633 412 2696 sativum
442 2633 603 2698 addiderit
630 2632 702 2716 (cfr.
732 2633 900 2714 Kuehner,
936 2636 979 2715 II,
1008 2640 1026 2715 ξ
1060 2635 1110 2711 70,
1137 2635 1167 2714 4,
1186 2633 1240 2712 Α).
1297 2632 1398 2715 Apud

277 2740 426 2806 Tacitum
446 2741 564 2824 ubique
589 2741 685 2806 verbo
719 2742 845 2806 dativus
875 2743 1056 2826 adscriptus
1088 2750 1148 2824 est,
1179 2742 1234 2824 qui
1261 2741 1398 2804 etiama

278 2847 369 2914 Irivio
405 2849 550 2914 adhiberi
588 2851 669 2914 solet
702 2850 773 2935 (cfr.
808 2849 981 2916 Kuehnast
1013 2874 1043 2934 p.
1079 2851 1164 2936 138).
1232 2849 1399 2913 Invenitur

280 2960 310 3034 l)
333 2957 462 3039 proprie
480 2959 620 3040 positum
643 2959 676 3042 a)
699 2980 771 3022 cum
800 2957 939 3022 ablativo
961 2957 1066 3039 XXI,
1092 2962 1176 3038 5,1:
1207 2978 1304 3021 saxeo
1326 2977 1398 3039 sug-

278 3069 370 3146 gestu
398 3065 547 3130 insistens
575 3065 761 3151 (Julianus).
807 3066 840 3147 b)
860 3087 932 3129 cum
963 3065 1084 3145 dativo,
1118 3067 1172 3148 qui
1202 3085 1396 3148 quamquam

279 3193 371 3236 casus
392 3172 496 3237 forma
518 3174 605 3238 haud
628 3181 742 3258 aperta
761 3180 817 3254 est,
841 3174 993 3257 exempliS
1008 3173 1147 3240 Taciteis
1170 3195 1189 3238 a
1207 3173 1397 3238 Lehmanno

277 3301 308 3361 p.
341 3285 381 3346 41
417 3281 557 3346 collectis
587 3281 829 3347 commendatur
860 3288 974 3346 contra
1001 3282 1282 3348 Hassensteinium
1313 3303 1344 3365 p.
1377 3283 1396 3344 6

279 3387 454 3452 ablativum
491 3389 727 3472 intellegentem
751 3395 868 3471 ΧΙΙΙΙ,
899 3397 934 3471 2,
965 3393 1019 3456 18:
1050 3389 1223 3455 bellatores
1254 3427 1296 3434 —
1325 3409 1397 3470 pro·

281 3497 468 3580 pugnaculis
490 3497 679 3562 insistebant
698 3503 730 3562 et
757 3500 880 3582 pinnis;
911 3497 1012 3578 XVI,
1038 3502 1088 3580 12,
1112 3501 1169 3563 56:
1200 3496 1398 3579 marginibus

280 3606 474 3684 insistentes3
502 3603 588 3686 XX,
614 3608 663 3685 11,
690 3611 745 3670 17:
773 3607 894 3672 Persae
920 3606 1170 3689 propugnaculis
1197 3607 1395 3683 insistentcs3

279 3713 384 3788 XXI,
409 3717 457 3789 12,
482 3717 517 3779 9:
548 3712 664 3796 quibus
688 3714 852 3797 (turribus)
879 3716 1059 3778 insistentes
1089 3715 1222 3792 armati;
1249 3717 1396 3791 XXIIII,

282 3827 310 3902 3,
342 3825 376 3887 3:
412 3826 594 3886 constructo
628 3820 780 3886 tribunali
814 3823 962 3887 insistens
993 3822 1187 3907 (Julianus);
1219 3825 1248 3902 5,
1276 3826 1308 3888 7:
1342 3822 1397 3903 qui

279 3931 528 4013 propugnaculis
549 3929 738 3994 insistebant
746 3957 753 4007 ;
775 3929 919 4011 XXXI,
945 3932 994 4012 10,
1020 3933 1076 3996 12:
1108 3928 1315 4013 abruptisque
1338 3949 1395 4011 per

280 4037 436 4102 ambitum
463 4037 596 4120 rupibus
620 4037 810 4104 insistentes.
832 4067 874 4093 =
897 4038 1010 4102 adesse
1029 4041 1176 4118 XXIIII,
1201 4041 1229 4118 1,
1256 4039 1310 4102 13:
1342 4058 1397 4118 ag-

281 4144 418 4210 minibus
450 4146 600 4227 cogendis
629 4146 777 4209 insistens
803 4146 1013 4230 (imperator).
1059 4150 1090 4230 o)
1114 4166 1185 4208 cum
1214 4144 1395 4208 accusativo

280 4253 394 4334 XVII,
421 4257 470 4333 13,
490 4256 548 4318 25:
570 4254 711 4318 tribunal
730 4253 879 4318 insistens
897 4252 1143 4338 (Constantius).
1186 4255 1219 4335 2)
1242 4251 1397 4316 translate

280 4384 351 4426 cum
374 4363 481 4427 dativo
503 4391 544 4417 =
566 4362 763 4443 incumbere,
793 4383 923 4445 oporam
945 4361 1022 4448 dare
1044 4366 1197 4443 XXIIII,
1227 4365 1262 4441 4,
1285 4363 1318 4426 9:
1347 4366 1397 4424 ut-

281 4475 445 4552 equestres
474 4475 600 4534 turmae
630 4469 748 4536 divisae
779 4491 837 4552 per
871 4467 983 4552 globos
1016 4469 1183 4552 abigendis
1215 4469 1397 4534 insisterent
