3276 5026
710 416 944 478 -113-

246 588 451 667 prosternere
485 582 615 646 verbum
651 605 757 648 secum
788 584 886 649 habet
916 586 949 671 1)
980 584 1121 650 dativum
1151 585 1299 669 XXIII,
1320 590 1349 665 4,
1373 591 1408 653 5;

290 691 341 755 cui
377 690 464 773 ligno
488 689 689 756 *fulmentum
724 692 939 776 prosternitur
973 692 1097 776 ingens.
1153 694 1297 777 Reliquis
1330 694 1408 758 locis

289 798 421 862 verbum
442 797 623 863 reflexivam
645 798 749 863 induit
771 800 833 863 vim
855 798 979 882 XXX,
1004 805 1033 881 5,
1059 805 1093 866 1:
1117 800 1315 886 pedibusque
1339 803 1408 866 eius

290 905 537 991 (Valentiniani)
559 912 723 989 prostrata
742 907 893 992 (legatio).
938 910 972 993 2)
993 930 1104 993 praep.
1127 911 1197 988 „in“
1221 914 1252 990 a)
1274 911 1407 993 proprio

291 1035 384 1079 sensu
405 1013 567 1094 XVIIII,
590 1019 620 1095 2,
646 1019 703 1080 15:
736 1015 790 1080 alii
815 1015 953 1082 confossi
972 1017 1177 1083 mucronibus
1198 1020 1353 1102 prostrati
1374 1019 1407 1082 in

290 1144 347 1188 ora
376 1124 490 1188 animis
515 1124 547 1187 in
580 1133 709 1188 ventum
736 1123 850 1190 solutis
880 1125 1120 1209 proiciebantur
1158 1129 1316 1192 exstincti.
1367 1125 1408 1190 Iu

291 1233 532 1315 manuscriptis
560 1232 650 1296 libris
676 1238 749 1315 post
771 1254 880 1298 vocem
906 1235 1097 1316 „prostrati“
1122 1241 1228 1299 exstat
1253 1239 1402 1315 ,curam“

292 1339 377 1422 quod
410 1338 618 1422 depravatum
652 1347 708 1406 est.
758 1339 840 1406 Cum
871 1341 946 1424 quid
975 1343 1111 1425 scriptor
1135 1341 1298 1425 scripserit
1320 1348 1408 1406 certo

291 1449 342 1512 vix
370 1449 438 1511 erui
467 1449 584 1530 possit,
616 1446 894 1520 Gardthausenus,
915 1451 947 1512 iu
971 1450 1140 1514 verborum
1165 1451 1276 1514 seriem
1299 1450 1405 1515 intulit

291 1556 544 1621 emendationem
569 1539 607 1620 'J'
631 1553 812 1622 Hermanni
852 1557 988 1642 (observ.
1023 1560 1092 1623 crit.
1123 1559 1296 1645 Ammiau,
1335 1558 1409 1626 diss.

291 1665 395 1732 Bonn.
420 1667 503 1730 1865
522 1688 552 1748 p.
568 1669 622 1750 Π)
648 1667 698 1747 „in
722 1673 812 1746 ora“,
836 1688 900 1749 qua
923 1673 1053 1750 recepta
1072 1669 1230 1732 sententia
1245 1667 1306 1731 loci
1323 1667 1409 1732 bona

292 1773 406 1841 evadit.
450 1773 540 1838 Nihil
569 1795 642 1838 vero
670 1773 796 1840 offendo
819 1775 851 1839 in
875 1777 971 1840 verbo
998 1777 1182 1856 „exstincti“
1206 1775 1291 1840 idem
1315 1776 1410 1858 signi-

290 1881 406 1947 ficante
428 1882 515 1966 quod
535 1883 633 1948 verba
654 1884 881 1966 praecedentia
906 1886 1038 1965 „animis
1061 1885 1092 1948 in
1114 1891 1241 1949 ventum
1260 1868 1408 1968 solutis“‘;

291 2012 430 2074 namque
458 1992 613 2055 memoria
639 1993 812 2057 tenendum
845 2001 893 2056 est
916 1992 1080 2057 Ammiani
1110 1994 1288 2058 orationem
1314 1993 1409 2077 plane

292 2097 468 2182 diffuseque
497 2097 597 2163 fluere
623 2106 655 2164 et
682 2121 750 2164 esse
784 2100 1036 2165 tumidissimum.
1095 2097 1313 2184 Quamobrem
1346 2121 1409 2166 non

292 2206 469 2290 adstipulor
498 2205 686 2273 Guenthero
720 2231 750 2292 p.
774 2211 815 2272 26
846 2230 891 2291 sq.
921 2209 966 2272 sio
999 2207 1201 2272 scribendum
1237 2209 1408 2292 suspicent,

293 2315 365 2396 „alii
379 2353 411 2364 -
428 2317 582 2398 prostrati
595 2338 657 2380 non
672 2317 734 2381 iam
757 2316 1170 2399 animis-proiciebantur
1185 2323 1219 2381 ut
1233 2317 1411 2397 exstincti“,

293 2446 356 2508 qua
370 2422 590 2488 emendatione
600 2433 771 2507 praeterea
785 2425 884 2488 textui
897 2429 999 2488 maior
1010 2424 1056 2488 vis
1072 2445 1168 2506 quam
1181 2424 1254 2488 licet
1269 2423 1413 2488 infertur.

291 2531 327 2616 b)
358 2531 515 2596 translato
546 2529 754 2613 XXVIIII,
786 2536 814 2608 1,
837 2535 896 2596 34:
927 2533 1029 2614 primo
1056 2532 1088 2594 in
1111 2553 1238 2614 precem
1261 2531 1415 2595 venialem

293 2643 491 2720 prostratus,
511 2636 738 2723 (Theodorus).
785 2637 930 2702 Locativi
961 2638 1083 2702 formae
1115 2639 1264 2722 leguntur
1296 2636 1414 2727 XVII,

239 2739 244 2746 ’
295 2747 324 2826 8,
349 2748 383 2809 5:
415 2745 531 2829 legatis
562 2785 604 2792 —
642 2746 729 2810 humi
761 2747 945 2830 prostratim
983 2745 1114 2826 XXII,
1141 2751 1169 2830 1,
1193 2749 1227 2810 2:
1265 2745 1416 2828 humique

292 2859 455 2936 prostrato
470 2853 610 2937 (milite);
636 2859 686 2934 14,
701 2859 735 2919 4:
753 2856 916 2938 conspexit
928 2854 1089 2937 quendam
1101 2855 1189 2918 humi
1204 2859 1412 2937 prostratum.

249 2960 440 3046 portendere
459 2958 585 3042 XIIII,
600 2967 628 3044 7,
643 2967 678 3028 7:
702 2963 918 3045 quaeritatum
939 2983 1087 3046 expresse
1109 2983 1150 3026 au
1168 2963 1196 3027 oi
1212 2961 1416 3047 (Sereniano)

295 3070 422 3136 firmum
459 3071 706 3155 portenderetur
743 3072 927 3153 imperium3
973 3069 1053 3152 XV,
1087 3073 1120 3151 3,
1161 3075 1198 3134 7:
1237 3092 1300 3134 non
1337 3068 1416 3133 nulli

295 3181 452 3244 maiorum
485 3181 621 3262 auguria
655 3179 715 3244 sibi
750 3179 899 3264 portendi
929 3178 1128 3262 incogitabili
1157 3179 1319 3242 dementia
1345 3198 1418 3260 pro-

295 3272 479 3366 mittebant;
504 3286 691 3367 XV111,3,
714 3293 747 3350 1:
773 3289 800 3352 ei
826 3287 1045 3371 (Barbationi)
1068 3324 1110 3336 -
1133 3275 1302 3350 discrimen
1326 3307 1419 3366 mag·

294 3416 370 3459 num
392 3395 542 3480 portendi
565 3417 751 3478 responsum
774 3403 837 3475 est3
871 3395 982 3477 XXI,
1008 3399 1065 3472 16,
1089 3397 1146 3460 21:
1183 3415 1265 3477 quae
1293 3399 1324 3457 et
1351 3391 1416 3456 alia

293 3501 408 3568 horum
439 3504 553 3567 similia
584 3502 686 3567 eidem
718 3503 857 3568 Joviano
886 3504 1056 3587 imperium
1091 3541 1132 3550 —
1165 3501 1416 3584 portendebaut;

291 3615 425 3692 XXIII,
458 3616 492 3691 1,
527 3614 561 3676 6:
599 3611 684 3693 quod
721 3611 887 3676 adstantes
925 3651 962 3661 -
998 3611 1221 3676 memorabant
1250 3609 1417 3673 consulum

294 3720 411 3783 seniori
442 3718 591 3801 portendi
627 3720 775 3782 nimirum
808 3719 978 3799 Sallusti03
1011 3724 1041 3796 5,
1073 3723 1124 3782 11:
1160 3719 1264 3782 aliene
1295 3717 1419 3801 petenti

292 3826 546 3909 portendebatur
575 3827 721 3905 exitium3
757 3830 787 3906 5,
816 3832 870 3891 14:
902 3829 1100 3893 incrementa
1128 3825 1327 3891 claritudinis
1358 3823 1416 3888 im-

292 3935 434 4016 peratori
445 3934 592 4016 portendi
605 3935 745 4017 gloriosa
756 3935 936 4017 coeptanti,
950 3933 1026 3998 XX
1034 3932 1071 4013 V,
1082 3935 1131 4012 10,
1143 3937 1197 3996 17;
1214 3933 1286 3996 huic
1298 3930 1420 3996 nomini

294 4042 522 4123 amplissimum
544 4044 769 4125 magistratum
794 4042 945 4124 portendi
967 4081 1010 4089 -
1033 4041 1235 4124 praedictum
1265 4044 1314 4103 est
1344 4041 1420 4103 seni.

252 4147 415 4212 succidere
427 4147 529 4226 XXI,
545 4152 594 4230 16,
608 4154 659 4213 18:
682 4157 718 4213 ut
741 4188 780 4198 -
804 4150 851 4212 rei
868 4147 1081 4215 vehiculariae
1103 4147 1281 4212 succideret
1295 4168 1418 4213 nervos

252 4275 452 4320 succrescere
488 4255 585 4320 verbo
623 4259 705 4321 sicut
739 4255 853 4321 Oioero
890 4263 923 4320 et
960 4256 1073 4322 Livius
1111 4256 1158 4320 ita
1197 4256 1237 4321 A.
1277 4253 1419 4320 dativum

295 4363 440 4430 adiunxit
467 4364 614 4444 XXIII,
637 4369 665 4442 5,
689 4365 747 4431 2οῑ
781 4386 820 4429 ne
842 4365 978 4446 imperio
1003 4363 1245 4429 subcrescerent
1266 4363 1419 4428 aemulae.

298 4471 371 4539 Uno
391 4474 460 4540 loco
483 4496 594 4558 praep.
618 4474 697 4554 ,ad“
723 4473 868 4539 adhibita
885 4483 933 4538 est
945 4475 1110 4552 XXVIII,
1122 4477 1152 4554 2,
1168 4477 1223 4538 14:
1248 4492 1423 4556 eorumque

1288 4592 1305 4648 8
