3232 5026
746 380 936 442 ..a-

264 547 346 614 bebo
370 547 527 632 duplicem
540 554 744 616 'structuram
766 546 970 616 admittentia
997 551 1054 610 aut
1076 544 1292 610 accusativum
1313 547 1346 608 et
1367 541 1423 608 da·

265 658 364 721 tivum
387 662 443 721 aut
464 658 680 723 accusativum
703 662 736 720 et
757 655 941 722 ablativum.

367 761 407 828 In
429 764 506 830 locis
528 771 636 830 autem
663 763 835 830 laudandis
858 766 985 837 secutus
1013 780 1082 826 sum
1110 757 1281 826 editionem
1303 754 1424 824 Gardt

265 871 407 941 hauseni.

760 999 847 1103 Cap.
875 999 928 1103 l1)

276 1172 380 1240 Verba
407 1194 481 1238 curn
499 1179 610 1258 praep.
642 1179 736 1258 „pra
757 1171 825 1253 sub,
847 1175 969 1258 super“
1001 1176 1034 1236 et
1059 1191 1133 1236 cum
1156 1168 1426 1256 cascparabr'lr'bus

609 1279 705 1361 „dz's·,
726 1300 785 1359 se·,
809 1283 882 1344 rc-“
905 1279 1087 1365 composita.

336 1461 342 1469 ·
371 1428 488 1495 Altera
508 1430 602 1495 huius
625 1432 738 1515 capitis
766 1435 861 1515 parte
888 1430 952 1496 duo
979 1429 1148 1496 verborum
1178 1428 1427 1515 compositorum

267 1539 331 1605 buo
351 1540 562 1623 spectantium
586 1561 703 1623 genera
726 1541 846 1620 inveni;
868 1539 1002 1605 alterius
1029 1548 1104 1605 suut
1126 1537 1233 1618 verba,
1266 1559 1349 1623 quae
1380 1560 1427 1603 se·

269 1647 419 1732 parandi,
443 1647 645 1731 disiungendi
665 1649 827 1714 notionem
849 1647 981 1726 habent,
1012 1647 1143 1714 alterius
1170 1669 1217 1728 ea,
1245 1646 1425 1730 quibusvis

270 1754 485 1838 distinguendi
508 1755 625 1821 subest.

371 1863 565 1948 Priusquam
588 1870 696 1930 autem
729 1865 817 1929 locos
847 1865 934 1949 ipsos
960 1862 1132 1947 proferam,
1165 1862 1207 1928 ad
1235 1864 1340 1946 ipsam
1360 1883 1428 1927 rem

268 1969 428 2035 norruulla
450 1971 599 2036 adnotari
621 1970 724 2036 velim.

377 2075 490 2144 Verbis
522 2077 574 2143 bic
606 2077 785 2142 tractandis
814 2077 943 2144 easdem
964 2079 1031 2142 iere
1055 2082 1233 2143 structuras
1253 2096 1429 2142 accommo-

271 2183 364 2249 datas
386 2185 528 2252 videmus
551 2206 631 2268 quas
647 2185 751 2250 verbis
764 2187 873 2269 priore
886 2192 979 2270 parte
995 2187 1153 2267 exhibitis,
1169 2185 1428 2270 praepositiones,

270 2291 453 2372 ablativum,
477 2292 620 2358 dativum
641 2298 674 2357 et
692 2313 848 2376 personae
866 2301 898 2358 et
917 2294 974 2372 rei,
991 2299 1089 2376 atque
1109 2294 1206 2358 etiam
1222 2291 1318 2358 semel
1337 2311 1429 2356 accu-

270 2400 406 2465 sativum
432 2400 529 2466 verbo
558 2406 780 2485 „superstare“
810 2400 1033 2486 appositum,²)
1061 2401 1103 2466 ad
1135 2423 1215 2485 quas
1242 2399 1353 2466 eadem
1382 2420 1430 2465 re·

270 2507 415 2574 vocanda
435 2515 511 2574 sunt
532 2530 615 2593 quae
646 2530 745 2594 supra
771 2509 986 2576 disseruimus.
1042 2508 1193 2595 Namque
1224 2508 1377 2595 dativusl)
1399 2514 1432 2574 et

270 2637 428 2700 personae
451 2625 484 2682 et
505 2621 551 2682 rei
583 2618 679 2682 verbo
712 2618 942 2697 „subtrahere“
968 2617 1137 2683 adiunctus
1159 2619 1223 2682 iam
1246 2639 1266 2682 a
1292 2615 1432 2682 classicis

271 2725 479 2808 scriptoribus
499 2727 532 2790 in
554 2746 649 2790 usum
673 2733 820 2811 receptus
843 2734 892 2792 est
913 2726 1051 2810 indeque
1072 2728 1150 2792 satis
1176 2725 1319 2809 intellegi
1350 2726 1432 2801 licet,

271 2833 357 2916 quod
379 2840 417 2898 ut
439 2835 471 2898 in
493 2833 597 2899 verbis
619 2856 718 2918 supra
740 2835 846 2900 allatis
868 2834 952 2900 duae
974 2834 1063 2900 verbi
1082 2841 1190 2919 partes
1208 2835 1255 2900 ita
1276 2835 1309 2898 in
1335 2855 1432 2898 uuam

271 2942 431 3007 notionem
455 2944 608 3022 coierunt,
626 2949 662 3008 ut
684 2944 706 3009 ii
729 2945 785 3026 qui
806 2943 1020 3027 loquebantur
1034 2943 1082 3008 vel
1101 2942 1284 3008 scribebant
1303 2961 1430 3024 compo·

272 3051 366 3115 situm
389 3071 457 3115 esse
488 3051 620 3116 verbum
652 3073 717 3117 non
753 3053 818 3116 iam
851 3051 1000 3118 distincte
1029 3053 1192 3128 sentirent,
1224 3048 1432 3134 quamobrem

271 3181 388 3226 novum
410 3158 541 3223 verbum
572 3160 636 3224 iam
671 3159 796 3244 pridem
829 3159 1084 3244 intellegebatur.
1139 3163 1247 3243 Atque
1277 3158 1373 3222 etiam
1399 3157 1431 3220 in

271 3265 463 3350 usurpandis
485 3266 776 3351 praepositionibus
799 3273 831 3332 et
852 3267 939 3333 nudo
962 3266 1102 3332 ablativo
1124 3269 1236 3332 eadem
1260 3266 1327 3330 fere
1348 3265 1431 3332 ratio

273 3397 356 3459 quae
370 3395 469 3458 supra
494 3375 703 3457 cognoscitur,
726 3375 773 3439 ita
796 3374 932 3458 quidem,
955 3381 991 3439 ut
1009 3395 1086 3439 usus
1107 3373 1185 3439 nudi
1207 3372 1337 3438 ablativi
1360 3393 1432 3438 cum

272 3482 502 3549 consuetudine
526 3479 738 3548 Ciceroniana
760 3483 938 3566 comparati
960 3482 1047 3565 apud
1070 3482 1278 3548 Ammianum
1302 3501 1434 3565 magno·
1482 3565 1486 3573 ¹

273 3612 349 3675 pere
372 3589 583 3674 amplificatus
599 3591 649 3657 sit.
694 3589 808 3674 Neque
830 3612 905 3657 vero
928 3590 1063 3656 multum
1087 3590 1248 3674 discrepat
1267 3590 1300 3654 in
1319 3589 1381 3656 hac
1398 3611 1434 3655 re

272 3699 356 3764 ratio
377 3697 530 3783 loquendi
552 3697 746 3764 Ammiauea
765 3720 785 3764 a
806 3697 943 3765 Liviana
976 3705 1009 3764 et
1037 3698 1171 3765 Tacitae
1202 3719 1306 3783 paene
1339 3720 1435 3783 pares

274 3807 411 3872 ablativi.
431 3805 509 3871 nudi
531 3827 679 3872 numeros
701 3805 885 3891 praebente.
937 3806 1016 3874 Jam
1039 3807 1082 3872 ad
1105 3807 1250 3892 exempla
1271 3805 1435 3876 afferenda

273 3914 433 3981 accedam.

379 4088 399 4155 ¹)
423 4088 488 4142 Earn
506 4085 585 4139 buius
606 4086 702 4156 capitis
720 4089 837 4158 partem,
865 4103 932 4156 quae
951 4087 1030 4142 verba
1050 4103 1110 4142 cum
1127 4104 1247 4158 praepos.
1269 4086 1317 4155 „ab
1336 4084 1368 4139 de
1387 4085 1433 4138 ex“

275 4177 423 4245 composita
441 4175 634 4247 complectitur,
652 4173 723 4229 edidi
740 4177 767 4228 in
786 4191 872 4244 progr.
891 4192 979 4246 gymn.
1016 4175 1136 4231 Steudal.
1157 4177 1231 4230 1891.

379 4270 401 4335 ²)
422 4269 460 4322 De
478 4267 527 4321 hoc
544 4266 624 4321 verbo
643 4265 723 4335 paulo
741 4265 811 4321 infra
828 4265 940 4322 dicetur.

379 4356 400 4427 ³)
420 4358 535 4412 Dativus
565 4357 644 4412 verbo
673 4357 857 4426 ,‚superstsre“
886 4356 1045 4412 subiunctus
1072 4355 1180 4410 dativus
1203 4353 1350 4410 sociativus
1382 4357 1433 4424 est,

278 4449 309 4504 de
327 4465 379 4518 quo
397 4447 456 4504 vide
474 4447 550 4504 iulia.
