3276 5026
592 325 928 432 ¹282-

283 498 425 570 Bucolo“
458 511 628 590 praeterea
659 507 752 571 nimis
782 527 803 570 a
836 506 995 589 scriptura
1027 504 1172 569 codicum
1207 497 1398 568 discedente.

282 613 430 690 XXIII,
459 619 487 692 5,
515 616 572 678 21:
609 620 754 698 superest
783 618 819 677 ut
845 652 888 660 —
919 613 1052 697 quisque
1082 612 1202 696 agmini
1225 611 1399 676 cohaerens

285 720 428 800 incedat;
451 720 570 802 XXV,
589 724 686 803 1.,1a:
709 726 745 785 ut
766 760 805 770 -
831 721 952 804 spicula
973 721 1107 784 sinistris
1125 719 1270 784 manibus
1286 718 1399 783 cohae-

283 836 404 908 rerent:
427 832 458 910 2,
483 832 519 894 6:
554 849 626 893 cum
652 828 759 894 lumen
783 828 914 912 aliquod
937 828 1115 893 cohaeserit
1136 827 1221 892 nubi.
1265 825 1316 891 De
1336 826 1399 890 situ

282 936 402 1002 dictum
425 942 473 1002 est
495 935 622 1013 XXII,
648 941 697 1014 15,
717 941 753 1000 2:
781 942 942 1001 terrarum
966 938 1027 1002 situ
1048 936 1199 1000 cohaeret
1221 935 1399 1020 (Aegyptia

281 1044 372 1129 gens)
404 1045 577 1122 immenso;
617 1047 751 1124 XXIII,
776 1048 804 1124 6,
829 1047 885 1109 64:
917 1043 1173 1126 aseptentrione
1197 1049 1229 1106 et
1251 1041 1399 1107 orientali

281 1151 410 1216 nivosae
421 1151 584 1216 solitudini
596 1151 802 1217 cohaerentes
813 1150 945 1234 (Seras),
963 1155 992 1232 6,
1000 1155 1053 1217 66:
1064 1152 1179 1236 quibus
1191 1150 1397 1237 (Essedones)

280 1259 472 1342 Athagurae
504 1258 546 1323 ab
581 1258 772 1324 occidentali
802 1266 895 1342 parte
931 1259 1104 1331 cohaerent
1137 1265 1169 1323 et
1199 1258 1397 1342 Aspacarae.

282 1365 407 1449 Sequor
426 1364 713 1432 Gardthausenum
735 1388 775 1432 ex
794 1369 987 1433 auctoritate
1010 1366 1186 1432 Ptolemaei
1206 1365 1398 1431 scribentem

280 1493 339 1556 pro
365 1472 607 1556 „Athagorae“,
637 1473 723 1557 quod
749 1480 798 1538 est
818 1476 851 1538 in
875 1474 1137 1558 manuscriptis,
1163 1472 1394 1556 „Athagurae“

280 1580 349 1663 (cfr.
372 1602 441 1648 con.
466 1582 630 1646 Ammian.
653 1604 683 1666 p.
708 1584 774 1666 32).

239 1690 430 1772 coniungere
459 1691 568 1768 verbo,
602 1691 653 1754 cui
684 1689 796 1756 Cicero
825 1711 980 1774 persaepe
1010 1711 1119 1774 praep.
1149 1693 1271 1772 „cum“,
1299 1688 1396 1772 paulo

279 1798 385 1862 rarius
409 1798 551 1863 dativum
581 1797 764 1882 adscripsit,
796 1805 832 1862 ut
852 1798 985 1864 Tacitus
1010 1800 1056 1863 ita
1079 1800 1119 1863 A.
1142 1798 1267 1863 nonnisi
1297 1795 1395 1861 dativi

278 1911 473 1970 structuram
492 1905 755 1973 accommodavit.
802 1910 831 1989 1)
856 1906 991 1990 Proprie
1014 1906 1162 1987 XXIII,
1183 1911 1218 1987 4,
1242 1910 1275 1970 1:
1304 1905 1396 1988 eique

280 2013 449 2096 (chordae)
472 2014 621 2079 cochleae
646 2013 727 2078 duee
751 2013 876 2096 ligneae
896 2015 1141 2098 coniunguntur.
1186 2017 1221 2099 2)
1240 2013 1396 2078 translate

277 2124 397 2199 XIIII,
422 2124 455 2200 8,
484 2124 540 2187 10:
565 2121 624 2186 has
649 2161 691 2168 —
718 2123 898 2204 provincias
926 2160 967 2170 —
997 2121 1129 2190 Gnaeus
1153 2123 1325 2206 Pompeius
1352 2160 1396 2168 —-

280 2227 397 2292 dicioni
424 2227 592 2293 Romanae
619 2229 796 2306 coniunxit;
829 2233 903 2308 XV,
937 2234 966 2308 5,
999 2234 1055 2294 22:
1090 2229 1227 2296 tribunis
1259 2238 1291 2295 et
1323 2251 1395 2313 pro-

278 2335 452 2400 tectoribus
476 2335 656 2401 domesticis
677 2334 788 2400 decem
809 2374 853 2382 —
875 2337 904 2400 ei
922 2335 1078 2422 (Silvano)
1095 2333 1288 2415 coniunctis:
1313 2340 1343 2416 9,
1361 2341 1393 2400 7:

278 2442 417 2506 varietas
440 2463 535 2527 saepe
559 2443 700 2534 satietati
722 2443 907 2524 coniuncta;
933 2444 1033 2525 XVI,
1059 2447 1108 2522 12,
1134 2450 1185 2512 17:
1206 2443 1396 2510 Vadomarii

278 2548 417 2631 plebs-
434 2549 614 2632 agminibus
629 2550 714 2615 belle
729 2551 880 2616 cientium
899 2551 1113 2617 barbarorum
1134 2572 1201 2616 sese
1224 2550 1395 2616 coniunxit.

234 2655 421 2721 collimitare
436 2658 568 2723 verbum
590 2658 631 2723 ab
647 2680 707 2724 usu
726 2659 930 2724 classicorum
946 2659 1137 2743 scriptorum
1147 2658 1328 2723 abhorrens
1345 2658 1395 2721 bie

277 2762 403 2828 dativus
419 2767 562 2847 sequitur
574 2765 714 2848 XXIII,
728 2770 757 2849 6,
771 2772 828 2834 45:
846 2768 938 2832 laeva
950 2765 1080 2832 Persico
1099 2768 1181 2831 mari
1196 2766 1395 2832 conlimitant

277 2869 448 2958 (Arabes);
470 2873 614 2956 XXXI,
637 2878 668 2956 2,
693 2879 745 2940 14:
769 2875 901 2943 Gelonis
924 2875 1104 2961 Agathyrsi
1126 2876 1333 2941 conlimitant.

234 2979 371 3063 colloqui
395 2980 483 3045 verbi
504 2983 700 3066 praepositio
722 3005 847 3067 semper
874 2985 991 3049 iterata
1018 2985 1136 3068 legitur
1163 2983 1243 3065 XV,
1270 2987 1304 3064 5,
1337 2983 1392 3048 10:

159 3115 163 3126 ·
276 3108 335 3153 nec
369 3089 452 3152 enim
483 3091 672 3156 meminerat
698 3113 805 3158 secum
832 3091 1005 3174 aliquando
1040 3114 1136 3177 super
1168 3093 1296 3176 negotio
1329 3093 1393 3156 ullo

275 3196 428 3262 interiere
450 3196 508 3261 hos
529 3200 730 3277 conlocatos:
761 3204 795 3279 5,
828 3203 882 3265 16:
915 3201 1032 3266 sensim
1062 3223 1134 3266 cum
1166 3202 1394 3285 principiorum

275 3304 446 3371 verticibus
486 3307 639 3372 secretius
678 3307 864 3373 conlocutus
902 3307 1092 3396 (Silvanus);
1131 3309 1243 3391 XXI,
1273 3311 1330 3389 14,
1360 3314 1393 3374 5:

274 3412 386 3478 itidem
423 3435 463 3478 ex
493 3414 695 3499 sempiternis
725 3416 862 3481 Homeri
890 3417 1085 3482 carminibus
1113 3418 1255 3501 intellegi
1287 3417 1392 3498 datur,

274 3539 339 3584 non
358 3520 435 3586 deos
459 3522 612 3588 caelestes
634 3544 706 3588 cum
723 3524 797 3588 viris
820 3523 956 3590 fortibus
977 3527 1171 3591 conlocutus.
1215 3527 1268 3590 Ita
1290 3531 1338 3591 est
1360 3527 1393 3590 in

275 3627 384 3693 codice
408 3628 584 3713 Vaticano,
617 3632 649 3694 iu
682 3652 746 3714 quo
776 3633 930 3715 scriptum
961 3654 1029 3698 esse
1063 3625 1224 3716 „locdt0s“
1255 3633 1393 3717 Eyssen·

274 3734 422 3802 hardtius
440 3738 521 3804 falso
545 3739 630 3806 dicit.
676 3738 797 3818 XXII,
823 3744 872 3821 16,
894 3743 949 3806 21:
972 3763 1044 3807 cum
1067 3742 1175 3824 aquila
1197 3742 1393 3826 conloquens

275 3843 510 3931 (Pythagoras)
529 3848 664 3914 subinde
686 3848 858 3914 visebatur.

232 3951 397 4020 colluctari
427 3955 537 4036 verbo,
572 3957 659 4040 quod
692 3977 811 4022 aureae
843 3977 940 4040 quam
969 3976 1119 4020 vocamus
1150 3956 1266 4021 aetatis
1296 3956 1394 4038 scrip-

275 4057 398 4126 toribus
428 4061 530 4141 deest,
560 4064 599 4130 A.
622 4085 747 4149 semper
775 4085 886 4149 praep.
920 4067 1030 4144 „cum“
1057 4063 1201 4145 admisit,
1233 4085 1305 4129 cum
1337 4063 1392 4127 alii

273 4166 444 4251 scriptores
465 4169 572 4236 dativo
592 4193 719 4256 queque
737 4178 879 4238 utantur.
922 4168 1059 4254 Legitur
1082 4171 1169 4236 hisce
1188 4173 1265 4237 locis
1282 4170 1387 4252 XXI,

275 4278 324 4356 15,
349 4279 381 4340 3:
405 4276 521 4361 diuque
544 4299 617 4343 curn
638 4280 745 4346 anima
768 4278 970 4344 conluctatus
994 4277 1245 4363 (Constantius);
1265 4278 1390 4359 XXX,

273 4389 309 4468 4,
332 4390 387 4452 19:
417 4388 508 4472 quasi
530 4408 601 4451 cum
624 4385 755 4454 Antaeo
778 4393 883 4452 vetere
905 4387 1095 4468 coniectati,
1124 4366 1273 4470 XXXI,
1299 4393 1333 4472 6,
1356 4396 1391 4457 4:
