3276 5026
738 393 950 476 2⁷98-

306 587 459 664 usurpato
482 580 551 664 (cfr.
565 578 746 646 'Kuehnast
768 605 798 666 p.
826 586 886 647 136
908 589 939 646 et
964 582 1040 665 138)
1065 581 1254 659 construxit,
1287 577 1421 645 Tacitus

305 710 379 753 vero
400 689 497 754 verbo
511 690 636 754 nonnisi
652 693 867 754 accusativum
885 689 1022 754 admisit.
1070 683 1150 753 Loci
1169 694 1242 753 sunt
1260 690 1293 753 hi
1308 694 1420 766 XIIII,

305 801 335 878 9,
348 801 384 864 6:
408 793 588 882 temporum
611 799 772 882 iniquitati
792 798 949 862 insultans
973 797 1178 882 (Eusebius);
1201 801 1291 874 XVI,
1306 801 1352 868 12.
1366 800 1420 862 61:

308 891 466 970 ciueribus
508 904 690 972 Galliarum
729 907 885 974 insultans
917 904 1235 990 (Chonodomarius);
1274 909 1422 983 XXIIII,

306 1021 335 1094 7,
360 1019 378 1076 7
387 1042 394 1079 ι
418 1013 671 1096 insultantesque
695 1013 785 1078 nobis
809 1053 850 1060 —
870 1013 1007 1091 Persae3
1032 1018 1141 1083 XXV.
1164 1017 1192 1088 3,
1219 1016 1271 1078 16:
1296 1012 1423 1077 dolores

308 1143 418 1186 omnes
442 1127 479 1186 ut
500 1121 657 1186 insultant
679 1121 817 1203 ignavis3
839 1125 965 1196 XXVI,
981 1124 1011 1200 3,
1025 1125 1062 1186 4:
1086 1121 1163 1185 nulli
1178 1121 1227 1184 rel
1249 1120 1425 1186 admodum

306 1230 402 1313 pauci
425 1229 591 1311 -vigori
613 1227 741 1311 publico
764 1229 970 1308 insultarunt,
994 1233 1138 1307 XXVII,
1157 1231 1205 1309 12,
1223 1232 1258 1294 4:
1283 1228 1425 1292 1111111-

308 1337 370 1400 trio
394 1356 427 1400 se
450 1341 645 1400 monstraret
667 1336 820 1400 insultare
841 1343 1032 1402 nostrorum.

154 1515 157 1522 ,
263 1443 430 1509 intendere
458 1442 555 1507 verbo
586 1465 606 1508 a
633 1443 788 1508 Cicerone
816 1451 849 1508 ot
878 1443 970 1510 Livio
997 1445 1069 1530 (cfr.
1091 1444 1264 1509 Kuehnast
1292 1467 1322 1528 p.
1350 1447 1426 1527 136)

308 1573 379 1616 cum
403 1551 512 1616 dativo
535 1557 567 1616 et
588 1573 698 1635 praep.
719 1553 792 1632 „in“
816 1558 847 1616 et
867 1553 952 1633 „ad“
976 1553 1119 1616 adhibito
1142 1551 1184 1617 A.
1208 1550 1335 1616 easdem
1358 1550 1427 1614 fere

306 1665 485 1724 structuras
509 1659 688 1743 adscripsit,
714 1661 773 1723 nisi
795 1659 882 1742 quod
902 1682 965 1724 uno
988 1661 1058 1725 loco
1081 1683 1190 1744 praep.
1217 1661 1290 1740 „in“
1315 1659 1427 1749 orabl.

307 1767 422 1850 posuit.
456 1766 598 1831 Verbum
609 1766 733 1831 finitum
756 1766 898 1832 datianm
921 1788 1086 1832 assumens
1103 1767 1219 1849 legitur
1236 1771 1271 1846 1)
1294 1766 1427 1848 proprio

306 1897 401 1940 sensu
436 1879 570 1956 XVIII,
605 1879 642 1953 4,
677 1877 719 1939 a:
748 1873 975 1938 Comitatensis
1007 1873 1131 1937 fabrica
1165 1912 1206 1920 -
1240 1872 1429 1955 imperatori

308 1984 464 2068 suspicaci
492 2005 530 2048 ao
559 1983 670 2047 timido
693 1982 880 2046 intendebat
902 1981 1084 2046 Ursicinum
1108 1982 1194 2046 velut
1216 1981 1320 2045 vultus
1343 1979 1428 2047 Gor-

307 2093 400 2174 gonei
424 2092 619 2155 torvitatem.
663 2093 694 2171 2)
716 2090 872 2154 translato
895 2093 971 2170 XV,
989 2094 1017 2169 7,
1033 2092 1063 2154 8:
1092 2111 1187 2172 super
1210 2090 1260 2153 his
1281 2087 1428 2154 intende·

308 2199 429 2262 bantur
462 2199 490 2263 ei
523 2198 739 2280 (Athanasio)
770 2197 834 2260 alia
866 2218 992 2278 quoque
1024 2219 1043 2260 a
1072 2198 1237 2280 proposito
1264 2198 1343 2280 legis
1372 2197 1428 2259 ab·

308 2308 481 2372 horrentia.
547 2305 639 2370 Alias
687 2305 907 2388 participium.
932 2304 1065 2387 perfecti
1105 2306 1238 2368 invicem
1279 2305 1428 2369 adiectivi

308 2422 497 2498 usurpatum
518 2419 633 2494 exstat,
650 2412 736 2496 quod
753 2411 952 2476 connectitur
970 2417 998 2495 1)
1016 2435 1087 2478 cum
1104 2413 1210 2478 dativo
1227 2419 1339 2492 XIIII,
1351 2417 1380 2491 6,
1393 2418 1426 2476 1:

308 2525 400 2589 huius
428 2524 518 2609 (vini)
545 2522 645 2587 avidis
674 2521 783 2586 usibus
806 2521 919 2602 vulgus
942 2521 1098 2585 intentum
1107 2547 1115 2599 ;
1153 2527 1227 2597 XV,
1250 2527 1280 2602 4,
1305 2524 1340 2586 8;
1362 2521 1428 2584 vul-

308 2632 437 2696 neribus
460 2630 657 2696 declinandis
679 2629 793 2695 intenti
816 2667 857 2678 -
883 2629 1012 2704 milites,
1043 2629 1129 2712 quod
1156 2631 1312 2711 repetitur
1332 2632 1427 2709 XVI,

209 2791 212 2796 .
311 2743 360 2822 12,
398 2743 452 2805 49:
492 2743 592 2818 XXI,
629 2741 667 2818 2,
699 2741 738 2802 4:
784 2739 1007 2821 haruspicinae
1045 2738 1250 2820 auguriisque
1286 2738 1429 2801 intentus

309 2847 502 2933 (Julianus);
534 2851 646 2922 XXII,
672 2848 721 2926 10,
751 2851 781 2910 1;
816 2846 1016 2911 iudicialibus
1040 2845 1144 2909 causis
1166 2845 1306 2909 intentus
1327 2843 1428 2929 (Juli-

311 2960 420 3036 anus);
443 2961 589 3034 XXIIII,
604 2960 634 3038 4,
655 2960 710 3020 17:
735 2963 893 3038 apparatu
916 2975 1047 3036 operum
1070 2960 1102 3016 et
1124 2953 1228 3016 studio
1249 2951 1429 3035 proeliandi

310 3066 447 3130 intento:
486 3068 634 3144 XXVII,
670 3068 698 3140 9,
735 3068 769 3128 l:
810 3062 982 3126 barbarica
1013 3060 1132 3141 rabies,
1165 3083 1222 3145 per
1255 3081 1428 3144 procursus

313 3174 518 3238 audentiores
534 3179 566 3237 et
585 3172 704 3237 crebris
719 3171 869 3236 caedibus
894 3176 925 3234 et
944 3171 1066 3252 rapinis
1089 3170 1225 3248 intenta,
1249 3173 1428 3246 XXVIIII,

312 3287 341 3364 6,
368 3286 421 3347 12:
445 3282 553 3365 iugulo
577 3282 643 3346 eius
667 3279 836 3364 (Aequitii)
859 3280 987 3356 intenti,
1018 3277 1144 3354 XXXI,
1171 3281 1220 3359 10,
1244 3283 1301 3341 17:
1334 3298 1428 3360 quem

312 3391 567 3477 (imperatorem)
590 3389 779 3454 Lentienses
801 3390 959 3451 intentum
983 3386 1097 3469 iugulis
1121 3388 1185 3450 suis
1204 3425 1247 3433 -
1269 3392 1430 3467 contemp-

311 3500 428 3578 lantes,
465 3503 518 3577 11,
551 3503 586 3562 5:
621 3497 733 3581 globos
762 3477 964 3579 raptui(qi1e)
995 3496 1142 3560 intentos,
1186 3495 1221 3578 2)
1243 3515 1315 3558 cum
1338 3515 1430 3578 prae-

310 3606 521 3690 positionibus
545 3609 577 3686 a)
591 3605 673 3686 „ad“
688 3603 771 3680 XX,
787 3607 815 3682 9,
830 3609 864 3668 1:
881 3601 1058 3685 intentique
1071 3603 1194 3686 (legati)
1211 3601 1253 3664 ad
1265 3601 1428 3672 viandum:

312 3713 473 3793 XXIIII,
487 3718 514 3793 5,
529 3719 566 3778 7:
588 3712 840 3797 prohibitoribus
859 3711 975 3776 acriter
995 3711 1036 3775 ad
1055 3709 1265 3775 resistendum
1283 3710 1431 3788 intentis,

312 3821 497 3902 XXVIII,
534 3826 561 3902 1,
588 3825 642 3886 55:
672 3820 770 3883 iudex
792 3859 834 3866 -
863 3819 905 3886 ad
928 3819 960 3883 id
982 3821 1085 3904 ipsum
1109 3819 1226 3897 solum,
1250 3818 1336 3901 quod
1358 3829 1434 3940 prop-

314 3931 415 4009 misit,
446 3931 606 4007 intentus,
637 3927 786 4006 XXXI,
819 3933 847 4007 5,
877 3931 909 3993 9;
940 3935 1069 4011 praeter
1102 3927 1215 3990 ducem
1248 3927 1424 3990 infaustum

313 4040 369 4122 qui
387 4037 428 4101 ad
443 4036 479 4101 id
502 4037 602 4101 solum
622 4037 772 4116 11111111,
796 4043 840 4102 11.
886 4034 1073 4115 „Intentus“
1097 4033 1311 4116 pulcherrima
1330 4052 1419 4095 emen

315 4147 402 4211 datio
434 4144 676 4211 Gardthauseni
706 4151 754 4208 est
780 4165 839 4227 pro
865 4143 1021 4208 librorum
1049 4143 1208 4225 scriptura
1236 4142 1430 4222 „inventus“,

315 4277 396 4340 quae
410 4255 541 4338 languet
558 4254 719 4336 multoque
737 4255 840 4317 minus
859 4259 934 4334 apte
952 4252 1038 4315 diota
1056 4258 1111 4315 est.
1156 4249 1189 4330 b)
1213 4251 1287 4331 „in‘·'
1309 4247 1432 4332 o)oun1

316 4365 496 4429 accusativo
524 4363 635 4441 XXI,
664 4368 694 4443 4,
720 4367 754 4426 1;
787 4365 819 4426 11
847 4383 946 4426 unum
973 4361 1058 4424 omni
1081 4361 1275 4442 cogitatione
1298 4357 1431 4419 intenta.

315 4475 348 4560 11)
371 4495 442 4538 cum
466 4472 602 4536 ablativo
626 4471 724 4554 XVI,
750 4474 797 4549 10,
822 4475 855 4534 4:
881 4470 1022 4534 omnium
1046 4469 1146 4533 oculis
1170 4469 1203 4530 in
1226 4489 1263 4531 eo
1287 4466 1432 4530 contuitu
