3276 5026
717 415 930 476 -79-

284 580 420 645 formula
442 581 679 664 praepositione
698 582 767 662 „in“
785 581 857 646 finis
876 581 1063 666 exprimitur
1081 579 1186 661 XXI,
1209 584 1239 662 5,
1265 586 1296 646 7:
1320 603 1402 665 quac

283 690 493 754 incommune
505 689 704 768 conducunt,
723 689 902 770 xxvia,
918 694 951 754 7:
971 689 1057 773 quod
1069 689 1247 763 conducere
1262 689 1403 756 arbitror

284 819 315 861 11
338 818 512 862 commune.

239 927 385 992 conferre
406 927 503 992 verbo
528 928 710 993 adiciuntur
735 931 766 1013 1)
798 927 923 992 dativus
950 931 1081 1007 XVIII,
1112 927 1146 1007 2,
1171 928 1204 992 6:
1245 925 1403 990 auxiliarii

283 1035 457 1099 11111161-
476 1034 656 1100 fabricandi
680 1035 862 1100 ministeriis
883 1056 976 1119 opem
992 1034 1165 1108 maximam
1185 1033 1401 1112 contulerunt3

283 1142 391 1221 XXI,
418 1147 470 1222 16,
495 1147 548 1208 17:
572 1143 723 1227 Augebat
745 1144 841 1208 etiam
866 1141 1117 1208 amaritudinem
1144 1149 1324 1225 temporum
1345 1141 1402 1206 fla·

283 1252 457 1335 gitatorum
480 1251 642 1334 rapacitas
666 1251 828 1335 inexpleta
855 1251 927 1335 plus
958 1239 1103 1317 odiorum
1133 1251 1161 1315 ei
1184 1248 1403 1334 (Constantio)

282 1381 378 1443 quam
399 1359 552 1443 pecuniae
575 1359 815 1425 conferentium.
861 1361 894 1445 2)
917 1358 1112 1443 praepositio
1131 1359 1164 1444 a)
1184 1359 1347 1443 geminata
1369 1359 1402 1422 in

284 1467 443 1534 locutione
468 1467 602 1532 adrem
636 1468 807 1533 militarem
836 1475 1002 1552 spectante
1030 1465 1176 1548 XXXI,
1207 1473 1235 1548 7,
1266 1472 1318 1534 12;
1347 1489 1403 1552 pes
1520 1551 1522 1558 Α

284 1597 354 1640 cum
381 1569 463 1659 pede
495 1575 640 1641 conlatus
668 1581 729 1655 cst;
762 1576 918 1641 translate
941 1581 1094 1658 XXIIII,
1124 1578 1158 1656 2,
1191 1578 1248 1643 20:
1278 1577 1403 1660 copiam

285 1683 344 1748 sibi
385 1683 455 1747 dari
495 1682 679 1748 conferendi
722 1684 878 1749 sermonis
922 1705 995 1749 cum
1029 1683 1184 1751 Ormizda
1219 1684 1403 1768 poscebant.

284 1791 318 1875 b)
347 1791 432 1874 „ad“
460 1791 562 1875 XVI,
594 1796 648 1872 11,
679 1793 731 1858 10:
760 1791 915 1859 Germani
942 1830 983 1840 —
1011 1792 1053 1858 ad
1085 1792 1239 1858 ulteriora
1270 1794 1405 1858 necessi·

284 1899 410 1964 tudines
433 1905 464 1964 et
486 1900 595 1986 fruges
618 1919 758 1983 opesque
782 1899 968 1966 barbaricas
996 1900 1214 1981 66111161111;
1245 1901 1402 1967 translate

284 2011 400 2088 XIIII,
432 2012 486 2087 11,
511 2015 543 2074 7:
568 2007 775 2073 Constantius
799 2014 915 2073 cuncta
936 2009 978 2074 ad
1001 2031 1092 2074 suam
1116 2010 1306 2075 sententiam
1329 2031 1402 2075 con·

285 2115 402 2204 lerens3
429 2121 580 2198 XXIIII,
609 2119 643 2195 2,
675 2120 729 2182 19:
755 2116 797 2181 ad
823 2117 906 2181 hanc
933 2118 1049 2184 molem
1075 2119 1237 2203 ingentem
1263 2158 1306 2166 -
1327 2140 1402 2203 pro·

284 2225 438 2290 bibitores
471 2225 635 2291 oculorum
676 2225 777 2288 aciem
814 2225 965 2291 intentius
1000 2223 1207 2291 conferentes.
1263 2226 1295 2311 6)
1330 2226 1401 2307 ,,11“

283 2331 365 2414 XV,
393 2337 425 2415 1,
453 2336 486 2398 2:
516 2334 601 2398 omni
628 2331 777 2416 placendi
807 2332 913 2398 studio
939 2334 972 2397 in
1000 2333 1217 2398 adulationem
1247 2355 1286 2398 ex
1314 2355 1403 2400 more

285 2442 425 2520 conlato;
448 2441 547 2522 XVI,
571 2444 600 2520 2,
618 2443 649 2505 6:
674 2439 817 2505 residuos
837 2441 869 2504 in
889 2462 999 2506 curam
1015 2441 1186 2506 celeritatis
1205 2463 1297 2506 omne
1316 2442 1403 2526 quod

284 2557 435 2633 poterant
455 2550 656 2616 conferentes
672 2587 715 2595 -
729 2549 882 2614 innocuos
906 2548 995 2614 abire
1010 2571 1180 2634 perpessus
1204 2557 1265 2630 cst;
1287 2554 1401 2632 XIIII,

286 2660 342 2739 10,
372 2661 426 2723 13:
462 2666 498 2723 ut
532 2660 564 2722 in
592 2658 689 2721 breve
721 2657 819 2739 igitur
846 2657 1010 2722 conferam
1044 2696 1087 2704 -
1118 2677 1182 2740 qua
1214 2678 1253 2722 ex
1287 2679 1402 2738 causa3

285 2765 402 2848 XVII,
427 2770 457 2850 5,
480 2771 512 2832 4:
535 2766 735 2850 propositum
758 2786 863 2829 meum
886 2763 919 2830 in
937 2787 1042 2850 pauca
1060 2764 1235 2852 conferam;
1259 2766 1401 2848 XXXI,

285 2878 319 2955 4,
342 2878 378 2938 4:
407 2874 541 2939 conlatis
564 2875 597 2938 11
622 2894 720 2937 unum
743 2873 808 2936 suis
830 2877 862 2937 et
884 2875 1070 2958 alienigenIs
1094 2874 1222 2940 viribus.
1269 2876 1303 2960 d)
1326 2874 1402 2958 „ad-

285 2988 414 3047 versus‘
437 2987 547 3066 XVII,
568 2987 623 3065 13,
647 2985 679 3049 8:
703 2981 856 3047 adversus
875 2982 978 3065 ipsum
997 2983 1174 3068 principem
1197 2990 1337 3050 stantem
1364 3021 1401 3032 -

286 3091 380 3157 altius
403 3112 528 3156 omnem
551 3092 705 3175 impetum
727 3089 939 3159 contulerunt.

243 3221 411 3306 confligere
439 3222 571 3288 verbum
597 3229 634 3286 ut
667 3222 791 3286 classici
817 3221 860 3285 A.
890 3241 962 3286 cum
994 3222 1131 3305 repetita
1166 3222 1404 3305 praepositione

284 3330 412 3396 exhibet
432 3330 591 3411 XXVII,
616 3334 646 3412 4,
673 3334 726 3396 11;
749 3329 913 3412 Lucullus,
941 3331 1091 3413 quicum
1115 3329 1285 3394 durissima
1309 3335 1404 3411 gente

284 3437 457 3504 Bessorum
480 3437 622 3504 conflixit
645 3439 785 3504 omnium
807 3439 938 3522 primua

242 3546 435 3613 confundere
459 3548 589 3632 proprie
615 3568 686 3610 cum
714 3546 821 3612 dativo
849 3552 954 3612 exstat
974 3545 1078 3627 XVI,
1102 3548 1136 3621 3,
1161 3549 1192 3609 1:
1219 3545 1275 3611 ubi
1301 3544 1403 3610 amnis

283 3654 418 3721 Mosella
441 3655 647 3722 confunditur
669 3654 792 3720 Rheno

242 3805 413 3869 congerere
426 3785 522 3851 verbo
537 3783 577 3850 ab
591 3784 633 3850 A.
647 3782 875 3848 adscribuntur
891 3779 1144 3868 praepositiones
1165 3779 1198 3863 a)
1220 3779 1290 3860 „in“
1308 3781 1401 3859 XVI,

260 3961 263 3970 ,
285 3900 333 3973 11,
357 3899 412 3959 12;
436 3894 599 3960 residuum
621 3931 663 3940 —
687 3897 872 3974 congestum
895 3893 928 3956 in
950 3909 1110 3967 acervum,
1132 3881 1297 3968 XXVIII,
1318 3891 1346 3967 1,
1367 3890 1400 3953 3:

282 4009 318 4066 ut
340 4040 381 4050 —
405 4023 534 4067 arsuros
549 4023 582 4066 se
595 4001 741 4066 certatim
755 4006 964 4082 congererent
978 3999 1011 4062 11
1027 4017 1226 4062 communem
1239 3993 1401 4078 pereuntis

283 4112 408 4194 patriae
431 4130 546 4192 rogum
554 4132 562 4185 ;
587 4105 774 4186 XXVIIII,
796 4093 834 4187 5,
850 4109 884 4170 21
916 4105 1057 4171 Romani
1079 4102 1207 4186 quidem
1229 4101 1401 4167 relationes

283 4219 384 4282 multa
415 4224 447 4282 et
473 4238 589 4299 aspera
614 4220 822 4299 congerentes
849 4215 882 4278 in
906 4213 1065 4290 Firmum,
1101 4214 1131 4292 5,
1158 4213 1215 4274 46:
1246 4209 1400 4294 Igmazen

283 4333 356 4409 post
383 4325 524 4390 convicia
554 4324 669 4406 multa,
701 4344 763 4406 que
786 4322 947 4406 congessit
969 4323 1001 4385 11
1023 4318 1151 4398 ducem,
1175 4355 1212 4363 -
1238 4314 1401 4386 abscessit.

242 4420 246 4431 ¹
285 4432 319 4520 b)
346 4435 425 4515 „ad‘
458 4431 594 4511 XXXI,
618 4439 646 4513 1,
665 4436 699 4496 2:
732 4450 928 4514 praeconum
955 4468 998 4476 —
1019 4424 1243 4492 mandantium
1271 4425 1402 4510 congeri
