<?xml version="1.0" encoding="UTF-8"?>
<!DOCTYPE html PUBLIC "-//W3C//DTD XHTML 1.0 Transitional//EN"
    "http://www.w3.org/TR/xhtml1/DTD/xhtml1-transitional.dtd">
<html xmlns="http://www.w3.org/1999/xhtml" xml:lang="en" lang="en">
 <head>
  <title>
</title>
<meta http-equiv="Content-Type" content="text/html;charset=utf-8" />
  <meta name='ocr-system' content='tesseract 3.04.00' />
  <meta name='ocr-capabilities' content='ocr_page ocr_carea ocr_par ocr_line ocrx_word'/>
</head>
<body>
  <div class='ocr_page' id='page_1' title='image "./deverborumcumpr00naumgoog_0048.png"; bbox 0 0 3232 5026; ppageno 0'>
   <div class='ocr_carea' id='block_1_1' title="bbox 653 349 914 412">
    <p class='ocr_par' dir='ltr' id='par_1_1' title="bbox 653 349 914 412">
     <span class='ocr_line' id='line_1_1' title="bbox 653 349 914 412; baseline -0.027 -11"><span class='ocrx_word' id='word_1_1' title='bbox 653 349 914 412; x_wconf 72' lang='grc'>.-43,.</span> 
     </span>
    </p>
   </div>
   <div class='ocr_carea' id='block_1_2' title="bbox 224 495 1545 4498">
    <p class='ocr_par' dir='ltr' id='par_1_2' title="bbox 273 495 1387 672">
     <span class='ocr_line' id='line_1_2' title="bbox 273 495 1387 584; baseline -0.004 -23"><span class='ocrx_word' id='word_1_2' title='bbox 273 497 414 562; x_wconf 87' lang='lat' dir='ltr'>facinora</span> <span class='ocrx_word' id='word_1_3' title='bbox 445 498 669 577; x_wconf 89' lang='lat' dir='ltr'>memoranda;</span> <span class='ocrx_word' id='word_1_4' title='bbox 707 503 736 580; x_wconf 81' lang='lat'>5,</span> <span class='ocrx_word' id='word_1_5' title='bbox 769 503 827 565; x_wconf 81' lang='lat'>23:</span> <span class='ocrx_word' id='word_1_6' title='bbox 859 500 1011 584; x_wconf 90' lang='lat' dir='ltr'>quicquid</span> <span class='ocrx_word' id='word_1_7' title='bbox 1048 498 1224 563; x_wconf 90' lang='lat' dir='ltr'>occurrerit</span> <span class='ocrx_word' id='word_1_8' title='bbox 1257 495 1387 560; x_wconf 87' lang='lat' dir='ltr'>difficile</span> 
     </span>
     <span class='ocr_line' id='line_1_3' title="bbox 273 606 415 672; baseline 0 0"><span class='ocrx_word' id='word_1_9' title='bbox 273 606 415 672; x_wconf 89' lang='lat' dir='ltr'>subituri.</span> 
     </span>
    </p>

    <p class='ocr_par' dir='ltr' id='par_1_3' title="bbox 224 699 1545 1123">
     <span class='ocr_line' id='line_1_4' title="bbox 224 699 1545 799; baseline -0.002 -19"><span class='ocrx_word' id='word_1_10' title='bbox 224 714 398 798; x_wconf 83' lang='lat' dir='ltr'>subrepere</span> <span class='ocrx_word' id='word_1_11' title='bbox 421 713 562 795; x_wconf 83' lang='lat' dir='ltr'>verbum,</span> <span class='ocrx_word' id='word_1_12' title='bbox 589 717 640 779; x_wconf 92' lang='lat' dir='ltr'>cni</span> <span class='ocrx_word' id='word_1_13' title='bbox 670 722 783 799; x_wconf 72' lang='lat' dir='ltr'>poetae</span> <span class='ocrx_word' id='word_1_14' title='bbox 805 717 1041 799; x_wconf 79' lang='lat' dir='ltr'>scriptoresque</span> <span class='ocrx_word' id='word_1_15' title='bbox 1062 700 1249 798; x_wconf 89' lang='lat' dir='ltr'>posterioris</span> <span class='ocrx_word' id='word_1_16' title='bbox 1272 699 1420 778; x_wconf 82' lang='lat' dir='ltr'>aetatis</span> <span class='ocrx_word' id='word_1_17' title='bbox 1540 761 1545 768; x_wconf 85' lang='lat'>-</span> 
     </span>
     <span class='ocr_line' id='line_1_5' title="bbox 271 821 1386 914; baseline 0.002 -28"><span class='ocrx_word' id='word_1_18' title='bbox 271 823 413 914; x_wconf 85' lang='lat' dir='ltr'>dativum</span> <span class='ocrx_word' id='word_1_19' title='bbox 434 831 466 890; x_wconf 90' lang='lat' dir='ltr'>et</span> <span class='ocrx_word' id='word_1_20' title='bbox 495 827 711 904; x_wconf 72' lang='lat' dir='ltr'><strong>accusativum</strong></span> <span class='ocrx_word' id='word_1_21' title='bbox 742 824 930 890; x_wconf 91' lang='lat' dir='ltr'>adscribunt</span> <span class='ocrx_word' id='word_1_22' title='bbox 957 825 1028 910; x_wconf 87' lang='lat' dir='ltr'>(cfr.</span> <span class='ocrx_word' id='word_1_23' title='bbox 1052 825 1209 906; x_wconf 84' lang='lat' dir='ltr'>Draeger,</span> <span class='ocrx_word' id='word_1_24' title='bbox 1237 821 1254 886; x_wconf 96' lang='lat' dir='ltr'>I</span> <span class='ocrx_word' id='word_1_25' title='bbox 1274 845 1304 906; x_wconf 91' lang='lat' dir='ltr'>p.</span> <span class='ocrx_word' id='word_1_26' title='bbox 1323 826 1386 888; x_wconf 83' lang='lat'>353</span> 
     </span>
     <span class='ocr_line' id='line_1_6' title="bbox 272 933 1388 1020; baseline 0.002 -24"><span class='ocrx_word' id='word_1_27' title='bbox 272 937 304 997; x_wconf 89' lang='lat' dir='ltr'>et</span> <span class='ocrx_word' id='word_1_28' title='bbox 327 935 413 1020; x_wconf 83' lang='lat'>387),</span> <span class='ocrx_word' id='word_1_29' title='bbox 436 957 519 1018; x_wconf 90' lang='lat' dir='ltr'>quae</span> <span class='ocrx_word' id='word_1_30' title='bbox 538 941 718 1002; x_wconf 77' lang='lat' dir='ltr'>structurae</span> <span class='ocrx_word' id='word_1_31' title='bbox 740 935 781 999; x_wconf 91' lang='lat' dir='ltr'>ab</span> <span class='ocrx_word' id='word_1_32' title='bbox 802 957 862 1000; x_wconf 90' lang='lat' dir='ltr'>neu</span> <span class='ocrx_word' id='word_1_33' title='bbox 885 935 1075 1016; x_wconf 89' lang='lat' dir='ltr'>scriptorum</span> <span class='ocrx_word' id='word_1_34' title='bbox 1098 933 1291 1016; x_wconf 89' lang='lat' dir='ltr'>optimorum</span> <span class='ocrx_word' id='word_1_35' title='bbox 1313 939 1388 998; x_wconf 89' lang='lat' dir='ltr'>sunt</span> 
     </span>
     <span class='ocr_line' id='line_1_7' title="bbox 272 1040 1417 1123; baseline 0.004 -19"><span class='ocrx_word' id='word_1_36' title='bbox 272 1040 404 1122; x_wconf 89' lang='lat' dir='ltr'>alienae,</span> <span class='ocrx_word' id='word_1_37' title='bbox 426 1044 466 1109; x_wconf 88' lang='lat' dir='ltr'>A.</span> <span class='ocrx_word' id='word_1_38' title='bbox 490 1045 656 1109; x_wconf 81' lang='lat' dir='ltr'>transitive</span> <span class='ocrx_word' id='word_1_39' title='bbox 679 1043 825 1108; x_wconf 87' lang='lat' dir='ltr'>adhibuit</span> <span class='ocrx_word' id='word_1_40' title='bbox 847 1046 956 1120; x_wconf 85' lang='lat' dir='ltr'>XVII,</span> <span class='ocrx_word' id='word_1_41' title='bbox 983 1047 1011 1122; x_wconf 84' lang='lat'>7,</span> <span class='ocrx_word' id='word_1_42' title='bbox 1037 1044 1092 1104; x_wconf 87' lang='lat'>11:</span> <span class='ocrx_word' id='word_1_43' title='bbox 1120 1061 1175 1104; x_wconf 89' lang='lat' dir='ltr'>eas</span> <span class='ocrx_word' id='word_1_44' title='bbox 1196 1045 1306 1123; x_wconf 90' lang='lat' dir='ltr'>partes</span> <span class='ocrx_word' id='word_1_45' title='bbox 1328 1041 1387 1105; x_wconf 93' lang='lat' dir='ltr'>soli</span> <span class='ocrx_word' id='word_1_46' title='bbox 1415 1106 1417 1110; x_wconf 82' lang='lat'>.</span> 
     </span>
    </p>

    <p class='ocr_par' dir='ltr' id='par_1_4' title="bbox 225 1145 1388 2106">
     <span class='ocr_line' id='line_1_8' title="bbox 225 1145 1388 1234; baseline 0.002 -23"><span class='ocrx_word' id='word_1_47' title='bbox 225 1145 237 1228; x_wconf 82' lang='lat'>,&#39;</span> <span class='ocrx_word' id='word_1_48' title='bbox 274 1149 461 1214; x_wconf 85' lang='lat' dir='ltr'>convibrant</span> <span class='ocrx_word' id='word_1_49' title='bbox 482 1152 598 1232; x_wconf 87' lang='lat' dir='ltr'>(venti),</span> <span class='ocrx_word' id='word_1_50' title='bbox 623 1171 703 1234; x_wconf 90' lang='lat' dir='ltr'>quas</span> <span class='ocrx_word' id='word_1_51' title='bbox 727 1150 945 1233; x_wconf 82' lang='lat' dir='ltr'>subrepserint</span> <span class='ocrx_word' id='word_1_52' title='bbox 967 1149 1077 1213; x_wconf 91' lang='lat' dir='ltr'>umidi.</span> <span class='ocrx_word' id='word_1_53' title='bbox 1122 1149 1215 1214; x_wconf 91' lang='lat' dir='ltr'>Haec</span> <span class='ocrx_word' id='word_1_54' title='bbox 1237 1148 1388 1213; x_wconf 85' lang='lat' dir='ltr'>exhibent</span> 
     </span>
     <span class='ocr_line' id='line_1_9' title="bbox 273 1255 1387 1342; baseline 0 -22"><span class='ocrx_word' id='word_1_55' title='bbox 273 1277 380 1321; x_wconf 85' lang='lat' dir='ltr'>omnes</span> <span class='ocrx_word' id='word_1_56' title='bbox 400 1258 626 1340; x_wconf 89' lang='lat' dir='ltr'>manuscripti</span> <span class='ocrx_word' id='word_1_57' title='bbox 647 1258 721 1322; x_wconf 93' lang='lat' dir='ltr'>libri</span> <span class='ocrx_word' id='word_1_58' title='bbox 738 1280 909 1342; x_wconf 91' lang='lat' dir='ltr'>omnesque</span> <span class='ocrx_word' id='word_1_59' title='bbox 930 1259 1093 1326; x_wconf 87' lang='lat' dir='ltr'>editiones.</span> <span class='ocrx_word' id='word_1_60' title='bbox 1140 1257 1204 1324; x_wconf 87' lang='lat' dir='ltr'>Sed</span> <span class='ocrx_word' id='word_1_61' title='bbox 1227 1256 1303 1340; x_wconf 92' lang='lat' dir='ltr'>quid</span> <span class='ocrx_word' id='word_1_62' title='bbox 1327 1255 1387 1320; x_wconf 92' lang='lat' dir='ltr'>sibi</span> 
     </span>
     <span class='ocr_line' id='line_1_10' title="bbox 272 1363 1385 1451; baseline -0.001 -22"><span class='ocrx_word' id='word_1_63' title='bbox 272 1366 347 1430; x_wconf 80' lang='lat' dir='ltr'>velit</span> <span class='ocrx_word' id='word_1_64' title='bbox 361 1366 510 1448; x_wconf 87' lang='lat' dir='ltr'>„umidi“,</span> <span class='ocrx_word' id='word_1_65' title='bbox 530 1388 593 1432; x_wconf 93' lang='lat' dir='ltr'>non</span> <span class='ocrx_word' id='word_1_66' title='bbox 613 1365 713 1432; x_wconf 78' lang='lat' dir='ltr'>rideo.</span> <span class='ocrx_word' id='word_1_67' title='bbox 750 1363 866 1451; x_wconf 84' lang='lat' dir='ltr'>Neque</span> <span class='ocrx_word' id='word_1_68' title='bbox 882 1369 1046 1450; x_wconf 89' lang='lat' dir='ltr'>scriptura·</span> <span class='ocrx_word' id='word_1_69' title='bbox 1062 1366 1196 1446; x_wconf 85' lang='lat' dir='ltr'>„tumidi</span> <span class='ocrx_word' id='word_1_70' title='bbox 1211 1366 1268 1451; x_wconf 76' lang='lat' dir='ltr'>(sc.</span> <span class='ocrx_word' id='word_1_71' title='bbox 1284 1365 1385 1448; x_wconf 84' lang='lat' dir='ltr'>soli),“</span> 
     </span>
     <span class='ocr_line' id='line_1_11' title="bbox 272 1475 1387 1560; baseline -0.002 -21"><span class='ocrx_word' id='word_1_72' title='bbox 272 1496 367 1558; x_wconf 92' lang='lat' dir='ltr'>qnam</span> <span class='ocrx_word' id='word_1_73' title='bbox 389 1475 556 1559; x_wconf 85' lang='lat' dir='ltr'>legendam</span> <span class='ocrx_word' id='word_1_74' title='bbox 578 1478 728 1560; x_wconf 82' lang='lat' dir='ltr'>proponit</span> <span class='ocrx_word' id='word_1_75' title='bbox 744 1475 1022 1554; x_wconf 87' lang='lat' dir='ltr'>Gardthausenus,</span> <span class='ocrx_word' id='word_1_76' title='bbox 1044 1477 1115 1540; x_wconf 92' lang='lat' dir='ltr'>loco</span> <span class='ocrx_word' id='word_1_77' title='bbox 1135 1475 1276 1540; x_wconf 89' lang='lat' dir='ltr'>succurri</span> <span class='ocrx_word' id='word_1_78' title='bbox 1298 1479 1387 1557; x_wconf 89' lang='lat' dir='ltr'>puto,</span> 
     </span>
     <span class='ocr_line' id='line_1_12' title="bbox 273 1583 1388 1669; baseline -0.001 -22"><span class='ocrx_word' id='word_1_79' title='bbox 273 1605 343 1648; x_wconf 91' lang='lat' dir='ltr'>cum</span> <span class='ocrx_word' id='word_1_80' title='bbox 368 1584 540 1650; x_wconf 87' lang='lat' dir='ltr'>admodum</span> <span class='ocrx_word' id='word_1_81' title='bbox 563 1586 725 1668; x_wconf 83' lang='lat' dir='ltr'>langueat.</span> <span class='ocrx_word' id='word_1_82' title='bbox 772 1585 807 1650; x_wconf 87' lang='lat' dir='ltr'>Si</span> <span class='ocrx_word' id='word_1_83' title='bbox 830 1585 924 1650; x_wconf 89' lang='lat' dir='ltr'>aliter</span> <span class='ocrx_word' id='word_1_84' title='bbox 942 1585 1192 1669; x_wconf 79' lang='lat' dir='ltr'>Eyssenhardtio</span> <span class='ocrx_word' id='word_1_85' title='bbox 1211 1583 1388 1648; x_wconf 86' lang='lat' dir='ltr'>affirmanti</span> 
     </span>
     <span class='ocr_line' id='line_1_13' title="bbox 272 1691 1388 1778; baseline -0.004 -20"><span class='ocrx_word' id='word_1_86' title='bbox 272 1696 304 1759; x_wconf 92' lang='lat' dir='ltr'>in</span> <span class='ocrx_word' id='word_1_87' title='bbox 327 1692 487 1760; x_wconf 90' lang='lat' dir='ltr'>Vaticano</span> <span class='ocrx_word' id='word_1_88' title='bbox 510 1698 687 1760; x_wconf 85' lang='lat' dir='ltr'>recentiore</span> <span class='ocrx_word' id='word_1_89' title='bbox 706 1715 801 1758; x_wconf 89' lang='lat' dir='ltr'>mann</span> <span class='ocrx_word' id='word_1_90' title='bbox 828 1693 1025 1778; x_wconf 87' lang='lat' dir='ltr'>adscriptum</span> <span class='ocrx_word' id='word_1_91' title='bbox 1054 1715 1123 1758; x_wconf 91' lang='lat' dir='ltr'>esse</span> <span class='ocrx_word' id='word_1_92' title='bbox 1149 1691 1284 1772; x_wconf 88' lang='lat' dir='ltr'>„umidi“</span> <span class='ocrx_word' id='word_1_93' title='bbox 1309 1691 1388 1755; x_wconf 91' lang='lat' dir='ltr'>fides</span> 
     </span>
     <span class='ocr_line' id='line_1_14' title="bbox 272 1802 1387 1886; baseline -0.007 -16"><span class='ocrx_word' id='word_1_94' title='bbox 272 1803 421 1870; x_wconf 88' lang='lat' dir='ltr'>habenda</span> <span class='ocrx_word' id='word_1_95' title='bbox 444 1809 501 1886; x_wconf 90' lang='lat' dir='ltr'>est,</span> <span class='ocrx_word' id='word_1_96' title='bbox 525 1804 748 1870; x_wconf 77' lang='lat' dir='ltr'>Cornelisseno</span> <span class='ocrx_word' id='word_1_97' title='bbox 770 1805 936 1882; x_wconf 78' lang='lat' dir='ltr'>assentior,</span> <span class='ocrx_word' id='word_1_98' title='bbox 960 1805 1014 1886; x_wconf 92' lang='lat' dir='ltr'>qni</span> <span class='ocrx_word' id='word_1_99' title='bbox 1039 1802 1176 1882; x_wconf 87' lang='lat' dir='ltr'>„umidi“</span> <span class='ocrx_word' id='word_1_100' title='bbox 1202 1807 1306 1866; x_wconf 92' lang='lat' dir='ltr'>ortum</span> <span class='ocrx_word' id='word_1_101' title='bbox 1329 1822 1387 1883; x_wconf 88' lang='lat' dir='ltr'>per</span> 
     </span>
     <span class='ocr_line' id='line_1_15' title="bbox 272 1909 1387 1997; baseline -0.002 -21"><span class='ocrx_word' id='word_1_102' title='bbox 272 1911 522 1996; x_wconf 85' lang='lat' dir='ltr'>dittograpbiam</span> <span class='ocrx_word' id='word_1_103' title='bbox 556 1936 594 1978; x_wconf 89' lang='lat' dir='ltr'>ex</span> <span class='ocrx_word' id='word_1_104' title='bbox 628 1935 693 1997; x_wconf 79' lang='lat' dir='ltr'>seq.</span> <span class='ocrx_word' id='word_1_105' title='bbox 732 1912 853 1989; x_wconf 88' lang='lat' dir='ltr'>,unde“</span> <span class='ocrx_word' id='word_1_106' title='bbox 890 1911 1059 1978; x_wconf 89' lang='lat' dir='ltr'>delendum</span> <span class='ocrx_word' id='word_1_107' title='bbox 1095 1931 1163 1976; x_wconf 90' lang='lat' dir='ltr'>esse</span> <span class='ocrx_word' id='word_1_108' title='bbox 1202 1909 1387 1974; x_wconf 88' lang='lat' dir='ltr'>arbitratur.</span> 
     </span>
     <span class='ocr_line' id='line_1_16' title="bbox 272 2018 1220 2106; baseline -0.001 -21"><span class='ocrx_word' id='word_1_109' title='bbox 272 2020 343 2106; x_wconf 84' lang='lat' dir='ltr'>(cfr.</span> <span class='ocrx_word' id='word_1_110' title='bbox 368 2021 583 2106; x_wconf 85' lang='lat' dir='ltr'>Mnemosyne,</span> <span class='ocrx_word' id='word_1_111' title='bbox 607 2022 701 2086; x_wconf 89' lang='lat' dir='ltr'>Nova</span> <span class='ocrx_word' id='word_1_112' title='bbox 723 2021 838 2097; x_wconf 80' lang='lat' dir='ltr'>Series,</span> <span class='ocrx_word' id='word_1_113' title='bbox 862 2021 921 2087; x_wconf 90' lang='lat' dir='ltr'>vol.</span> <span class='ocrx_word' id='word_1_114' title='bbox 943 2024 1057 2100; x_wconf 80' lang='lat' dir='ltr'>XIIII,</span> <span class='ocrx_word' id='word_1_115' title='bbox 1073 2043 1108 2103; x_wconf 90' lang='lat' dir='ltr'>p.</span> <span class='ocrx_word' id='word_1_116' title='bbox 1132 2018 1220 2102; x_wconf 84' lang='lat'>250.)</span> 
     </span>
    </p>

    <p class='ocr_par' dir='ltr' id='par_1_5' title="bbox 228 2125 1389 4498">
     <span class='ocr_line' id='line_1_17' title="bbox 228 2125 1385 2214; baseline -0.006 -20"><span class='ocrx_word' id='word_1_117' title='bbox 228 2127 393 2194; x_wconf 82' lang='lat' dir='ltr'>subsidere</span> <span class='ocrx_word' id='word_1_118' title='bbox 412 2128 543 2194; x_wconf 89' lang='lat' dir='ltr'>verbum</span> <span class='ocrx_word' id='word_1_119' title='bbox 566 2130 757 2213; x_wconf 86' lang='lat' dir='ltr'>scriptorum</span> <span class='ocrx_word' id='word_1_120' title='bbox 779 2151 896 2214; x_wconf 90' lang='lat' dir='ltr'>prosae</span> <span class='ocrx_word' id='word_1_121' title='bbox 918 2129 1071 2193; x_wconf 91' lang='lat' dir='ltr'>orationis</span> <span class='ocrx_word' id='word_1_122' title='bbox 1098 2127 1219 2211; x_wconf 89' lang='lat' dir='ltr'>primus</span> <span class='ocrx_word' id='word_1_123' title='bbox 1237 2125 1280 2191; x_wconf 90' lang='lat' dir='ltr'>A.</span> <span class='ocrx_word' id='word_1_124' title='bbox 1301 2130 1385 2188; x_wconf 87' lang='lat' dir='ltr'>tran-</span> 
     </span>
     <span class='ocr_line' id='line_1_18' title="bbox 273 2231 1388 2326; baseline -0.004 -27"><span class='ocrx_word' id='word_1_125' title='bbox 273 2236 361 2301; x_wconf 90' lang='lat' dir='ltr'>sitive</span> <span class='ocrx_word' id='word_1_126' title='bbox 384 2237 557 2319; x_wconf 69' lang='lat' dir='ltr'>usurpant.</span> <span class='ocrx_word' id='word_1_127' title='bbox 604 2237 741 2302; x_wconf 88' lang='lat' dir='ltr'>Ponitur</span> <span class='ocrx_word' id='word_1_128' title='bbox 758 2240 790 2321; x_wconf 82' lang='lat' dir='ltr'>l)</span> <span class='ocrx_word' id='word_1_129' title='bbox 813 2237 852 2301; x_wconf 92' lang='lat' dir='ltr'>de</span> <span class='ocrx_word' id='word_1_130' title='bbox 874 2238 944 2301; x_wconf 89' lang='lat' dir='ltr'>loeo</span> <span class='ocrx_word' id='word_1_131' title='bbox 960 2239 1073 2316; x_wconf 80' lang='lat' dir='ltr'>XIIII,</span> <span class='ocrx_word' id='word_1_132' title='bbox 1099 2238 1128 2312; x_wconf 88' lang='lat'>3,</span> <span class='ocrx_word' id='word_1_133' title='bbox 1144 2237 1178 2298; x_wconf 79' lang='lat'>2:</span> <span class='ocrx_word' id='word_1_134' title='bbox 1201 2231 1388 2326; x_wconf 88' lang='lat' dir='ltr'>Osdroenae</span> 
     </span>
     <span class='ocr_line' id='line_1_19' title="bbox 273 2341 1387 2430; baseline -0.004 -23"><span class='ocrx_word' id='word_1_135' title='bbox 273 2344 452 2409; x_wconf 90' lang='lat' dir='ltr'>subsiderat</span> <span class='ocrx_word' id='word_1_136' title='bbox 475 2344 694 2430; x_wconf 79' lang='lat' dir='ltr'>(Nohodares)</span> <span class='ocrx_word' id='word_1_137' title='bbox 718 2347 852 2410; x_wconf 85' lang='lat' dir='ltr'>extimas</span> <span class='ocrx_word' id='word_1_138' title='bbox 874 2350 997 2428; x_wconf 82' lang='lat' dir='ltr'>partes3</span> <span class='ocrx_word' id='word_1_139' title='bbox 1025 2348 1100 2424; x_wconf 89' lang='lat' dir='ltr'>XV,</span> <span class='ocrx_word' id='word_1_140' title='bbox 1123 2347 1153 2410; x_wconf 85' lang='lat'>2.</span> <span class='ocrx_word' id='word_1_141' title='bbox 1176 2348 1214 2410; x_wconf 80' lang='lat'>4:</span> <span class='ocrx_word' id='word_1_142' title='bbox 1245 2346 1282 2406; x_wconf 93' lang='lat' dir='ltr'>ut</span> <span class='ocrx_word' id='word_1_143' title='bbox 1304 2341 1387 2404; x_wconf 89' lang='lat' dir='ltr'>enim</span> 
     </span>
     <span class='ocr_line' id='line_1_20' title="bbox 274 2451 1387 2538; baseline -0.004 -20"><span class='ocrx_word' id='word_1_144' title='bbox 274 2455 501 2521; x_wconf 88' lang='lat' dir='ltr'>subterraneus</span> <span class='ocrx_word' id='word_1_145' title='bbox 520 2476 650 2538; x_wconf 85' lang='lat' dir='ltr'>serpens</span> <span class='ocrx_word' id='word_1_146' title='bbox 670 2454 814 2519; x_wconf 85' lang='lat' dir='ltr'>foramen</span> <span class='ocrx_word' id='word_1_147' title='bbox 839 2452 1006 2518; x_wconf 89' lang='lat' dir='ltr'>subsidens</span> <span class='ocrx_word' id='word_1_148' title='bbox 1036 2451 1211 2530; x_wconf 76' lang='lat' dir='ltr'>occultum,</span> <span class='ocrx_word' id='word_1_149' title='bbox 1241 2453 1387 2529; x_wconf 86' lang='lat' dir='ltr'>XXIIII,</span> 
     </span>
     <span class='ocr_line' id='line_1_21' title="bbox 272 2559 1388 2642; baseline -0.005 -15"><span class='ocrx_word' id='word_1_150' title='bbox 272 2567 303 2642; x_wconf 83' lang='lat'>4,</span> <span class='ocrx_word' id='word_1_151' title='bbox 327 2567 383 2628; x_wconf 74' lang='lat'>29:</span> <span class='ocrx_word' id='word_1_152' title='bbox 412 2565 507 2630; x_wconf 88' lang='lat' dir='ltr'>index</span> <span class='ocrx_word' id='word_1_153' title='bbox 529 2565 733 2628; x_wconf 85' lang='lat' dir='ltr'>nuntiaverat</span> <span class='ocrx_word' id='word_1_154' title='bbox 755 2602 798 2610; x_wconf 94' lang='lat'>—</span> <span class='ocrx_word' id='word_1_155' title='bbox 821 2562 951 2626; x_wconf 78' lang='lat' dir='ltr'>fallaces</span> <span class='ocrx_word' id='word_1_156' title='bbox 970 2561 1078 2625; x_wconf 82' lang='lat' dir='ltr'>foveas</span> <span class='ocrx_word' id='word_1_157' title='bbox 1109 2565 1141 2625; x_wconf 91' lang='lat' dir='ltr'>et</span> <span class='ocrx_word' id='word_1_158' title='bbox 1170 2559 1323 2624; x_wconf 89' lang='lat' dir='ltr'>obscuras</span> <span class='ocrx_word' id='word_1_159' title='bbox 1345 2597 1388 2603; x_wconf 82' lang='lat'>-</span> 
     </span>
     <span class='ocr_line' id='line_1_22' title="bbox 274 2667 1388 2750; baseline -0.005 -14"><span class='ocrx_word' id='word_1_160' title='bbox 274 2671 451 2736; x_wconf 88' lang='lat' dir='ltr'>subsedisse</span> <span class='ocrx_word' id='word_1_161' title='bbox 474 2694 605 2738; x_wconf 90' lang='lat' dir='ltr'>manum</span> <span class='ocrx_word' id='word_1_162' title='bbox 627 2671 866 2748; x_wconf 87' lang='lat' dir='ltr'>insidiatricem;</span> <span class='ocrx_word' id='word_1_163' title='bbox 900 2669 1009 2748; x_wconf 87' lang='lat' dir='ltr'>XXX,</span> <span class='ocrx_word' id='word_1_164' title='bbox 1030 2672 1060 2750; x_wconf 88' lang='lat'>4,</span> <span class='ocrx_word' id='word_1_165' title='bbox 1085 2671 1117 2733; x_wconf 85' lang='lat'>8:</span> <span class='ocrx_word' id='word_1_166' title='bbox 1148 2689 1267 2750; x_wconf 85' lang='lat' dir='ltr'>genera</span> <span class='ocrx_word' id='word_1_167' title='bbox 1288 2667 1388 2730; x_wconf 88' lang='lat' dir='ltr'>homi-</span> 
     </span>
     <span class='ocr_line' id='line_1_23' title="bbox 273 2776 1389 2860; baseline -0.004 -18"><span class='ocrx_word' id='word_1_168' title='bbox 273 2801 348 2843; x_wconf 90' lang='lat' dir='ltr'>num</span> <span class='ocrx_word' id='word_1_169' title='bbox 381 2820 423 2826; x_wconf 92' lang='lat'>—</span> <span class='ocrx_word' id='word_1_170' title='bbox 457 2780 687 2844; x_wconf 89' lang='lat' dir='ltr'>subsidentium</span> <span class='ocrx_word' id='word_1_171' title='bbox 719 2779 831 2844; x_wconf 91' lang='lat' dir='ltr'>divites</span> <span class='ocrx_word' id='word_1_172' title='bbox 866 2778 993 2859; x_wconf 87' lang='lat' dir='ltr'>domus,</span> <span class='ocrx_word' id='word_1_173' title='bbox 1028 2797 1091 2860; x_wconf 92' lang='lat' dir='ltr'>qno</span> <span class='ocrx_word' id='word_1_174' title='bbox 1121 2776 1191 2840; x_wconf 94' lang='lat' dir='ltr'>loco</span> <span class='ocrx_word' id='word_1_175' title='bbox 1221 2780 1389 2859; x_wconf 90' lang='lat' dir='ltr'>praeterea</span> 
     </span>
     <span class='ocr_line' id='line_1_24' title="bbox 273 2882 1389 2970; baseline -0.004 -19"><span class='ocrx_word' id='word_1_176' title='bbox 273 2887 384 2952; x_wconf 90' lang='lat' dir='ltr'>eadem</span> <span class='ocrx_word' id='word_1_177' title='bbox 408 2891 453 2953; x_wconf 86' lang='lat' dir='ltr'>vis</span> <span class='ocrx_word' id='word_1_178' title='bbox 472 2889 569 2953; x_wconf 89' lang='lat' dir='ltr'>verbo</span> <span class='ocrx_word' id='word_1_179' title='bbox 588 2887 697 2952; x_wconf 91' lang='lat' dir='ltr'>subest</span> <span class='ocrx_word' id='word_1_180' title='bbox 720 2893 817 2970; x_wconf 87' lang='lat' dir='ltr'>atque</span> <span class='ocrx_word' id='word_1_181' title='bbox 832 2887 864 2951; x_wconf 91' lang='lat' dir='ltr'>in</span> <span class='ocrx_word' id='word_1_182' title='bbox 880 2891 1024 2951; x_wconf 89' lang='lat' dir='ltr'>nostrate</span> <span class='ocrx_word' id='word_1_183' title='bbox 1041 2886 1151 2968; x_wconf 83' lang='lat' dir='ltr'>lingua</span> <span class='ocrx_word' id='word_1_184' title='bbox 1173 2882 1389 2965; x_wconf 84' lang='lat' dir='ltr'>„aullauern“‚</span> 
     </span>
     <span class='ocr_line' id='line_1_25' title="bbox 275 2994 1388 3081; baseline -0.003 -21"><span class='ocrx_word' id='word_1_185' title='bbox 275 3017 338 3078; x_wconf 92' lang='lat' dir='ltr'>qno</span> <span class='ocrx_word' id='word_1_186' title='bbox 360 3018 454 3060; x_wconf 91' lang='lat' dir='ltr'>sensu</span> <span class='ocrx_word' id='word_1_187' title='bbox 474 2996 605 3061; x_wconf 88' lang='lat' dir='ltr'>verbum</span> <span class='ocrx_word' id='word_1_188' title='bbox 626 2997 744 3078; x_wconf 89' lang='lat' dir='ltr'>legitur</span> <span class='ocrx_word' id='word_1_189' title='bbox 761 2997 797 3081; x_wconf 82' lang='grc'>2)</span> <span class='ocrx_word' id='word_1_190' title='bbox 814 2994 853 3059; x_wconf 90' lang='lat' dir='ltr'>de</span> <span class='ocrx_word' id='word_1_191' title='bbox 869 2994 1051 3059; x_wconf 90' lang='lat' dir='ltr'>hominibus</span> <span class='ocrx_word' id='word_1_192' title='bbox 1067 2995 1187 3060; x_wconf 89' lang='lat' dir='ltr'>dictum</span> <span class='ocrx_word' id='word_1_193' title='bbox 1206 2999 1298 3075; x_wconf 86' lang='lat' dir='ltr'>XVI,</span> <span class='ocrx_word' id='word_1_194' title='bbox 1312 2998 1340 3071; x_wconf 88' lang='grc'>8,</span> <span class='ocrx_word' id='word_1_195' title='bbox 1353 2996 1388 3057; x_wconf 86' lang='grc'>3;</span> 
     </span>
     <span class='ocr_line' id='line_1_26' title="bbox 274 3102 1388 3190; baseline -0.003 -23"><span class='ocrx_word' id='word_1_196' title='bbox 274 3102 337 3167; x_wconf 92' lang='lat' dir='ltr'>Per</span> <span class='ocrx_word' id='word_1_197' title='bbox 359 3105 442 3168; x_wconf 90' lang='lat' dir='ltr'>idem</span> <span class='ocrx_word' id='word_1_198' title='bbox 465 3111 591 3190; x_wconf 90' lang='lat' dir='ltr'>tempus</span> <span class='ocrx_word' id='word_1_199' title='bbox 614 3105 662 3170; x_wconf 84' lang='lat' dir='ltr'>fer</span> <span class='ocrx_word' id='word_1_200' title='bbox 686 3152 908 3172; x_wconf 90' lang='grc'><strong>........</strong></span> <span class='ocrx_word' id='word_1_201' title='bbox 931 3103 1096 3168; x_wconf 85' lang='lat' dir='ltr'>incusaret</span> <span class='ocrx_word' id='word_1_202' title='bbox 1126 3111 1249 3168; x_wconf 88' lang='lat' dir='ltr'>certum</span> <span class='ocrx_word' id='word_1_203' title='bbox 1277 3124 1317 3166; x_wconf 91' lang='lat' dir='ltr'>an</span> <span class='ocrx_word' id='word_1_204' title='bbox 1343 3103 1388 3164; x_wconf 93' lang='lat' dir='ltr'>in-</span> 
     </span>
     <span class='ocr_line' id='line_1_27' title="bbox 274 3192 1389 3296; baseline 0.001 -21"><span class='ocrx_word' id='word_1_205' title='bbox 274 3216 408 3277; x_wconf 89' lang='lat' dir='ltr'>certum:</span> <span class='ocrx_word' id='word_1_206' title='bbox 439 3192 524 3278; x_wconf 80' lang='lat' dir='ltr'>unde</span> <span class='ocrx_word' id='word_1_207' title='bbox 551 3215 709 3279; x_wconf 89' lang='lat' dir='ltr'>insontem</span> <span class='ocrx_word' id='word_1_208' title='bbox 735 3211 872 3277; x_wconf 87' lang='lat' dir='ltr'>Rufinus</span> <span class='ocrx_word' id='word_1_209' title='bbox 899 3211 1086 3276; x_wconf 83' lang='lat' dir='ltr'>subsidebat</span> <span class='ocrx_word' id='word_1_210' title='bbox 1114 3212 1389 3296; x_wconf 89' lang='lat' dir='ltr'>——apparitionis</span> 
     </span>
     <span class='ocr_line' id='line_1_28' title="bbox 274 3315 1388 3404; baseline 0 -22"><span class='ocrx_word' id='word_1_211' title='bbox 274 3318 496 3402; x_wconf 87' lang='lat' dir='ltr'>praefecturae</span> <span class='ocrx_word' id='word_1_212' title='bbox 519 3322 744 3404; x_wconf 88' lang='lat' dir='ltr'>praetorianae</span> <span class='ocrx_word' id='word_1_213' title='bbox 764 3326 833 3384; x_wconf 92' lang='lat' dir='ltr'>tum</span> <span class='ocrx_word' id='word_1_214' title='bbox 850 3320 946 3384; x_wconf 90' lang='lat' dir='ltr'>etiam</span> <span class='ocrx_word' id='word_1_215' title='bbox 964 3320 1113 3404; x_wconf 88' lang='lat' dir='ltr'>princeps</span> <span class='ocrx_word' id='word_1_216' title='bbox 1132 3319 1172 3384; x_wconf 93' lang='lat' dir='ltr'>ob</span> <span class='ocrx_word' id='word_1_217' title='bbox 1189 3315 1388 3384; x_wconf 85' lang='lat' dir='ltr'>devotionem</span> 
     </span>
     <span class='ocr_line' id='line_1_29' title="bbox 274 3425 1388 3512; baseline 0.001 -23"><span class='ocrx_word' id='word_1_218' title='bbox 274 3425 383 3492; x_wconf 91' lang='lat' dir='ltr'>Verba</span> <span class='ocrx_word' id='word_1_219' title='bbox 406 3435 479 3512; x_wconf 90' lang='lat' dir='ltr'>post</span> <span class='ocrx_word' id='word_1_220' title='bbox 498 3429 647 3493; x_wconf 89' lang='lat' dir='ltr'>lacunam</span> <span class='ocrx_word' id='word_1_221' title='bbox 663 3428 848 3509; x_wconf 88' lang='lat' dir='ltr'>indicatam,</span> <span class='ocrx_word' id='word_1_222' title='bbox 869 3449 952 3512; x_wconf 90' lang='lat' dir='ltr'>quae</span> <span class='ocrx_word' id='word_1_223' title='bbox 968 3434 1056 3492; x_wconf 87' lang='lat' dir='ltr'>certa</span> <span class='ocrx_word' id='word_1_224' title='bbox 1072 3427 1293 3493; x_wconf 88' lang='lat' dir='ltr'>emendatione</span> <span class='ocrx_word' id='word_1_225' title='bbox 1310 3449 1388 3491; x_wconf 90' lang='lat' dir='ltr'>non-</span> 
     </span>
     <span class='ocr_line' id='line_1_30' title="bbox 274 3533 1389 3620; baseline 0 -22"><span class='ocrx_word' id='word_1_226' title='bbox 274 3533 350 3599; x_wconf 89' lang='lat' dir='ltr'>dum</span> <span class='ocrx_word' id='word_1_227' title='bbox 371 3538 498 3620; x_wconf 86' lang='lat' dir='ltr'>expleta</span> <span class='ocrx_word' id='word_1_228' title='bbox 521 3544 578 3619; x_wconf 86' lang='lat' dir='ltr'>est,</span> <span class='ocrx_word' id='word_1_229' title='bbox 613 3539 645 3601; x_wconf 93' lang='lat' dir='ltr'>in</span> <span class='ocrx_word' id='word_1_230' title='bbox 667 3538 775 3603; x_wconf 91' lang='lat' dir='ltr'>codice</span> <span class='ocrx_word' id='word_1_231' title='bbox 802 3537 958 3602; x_wconf 91' lang='lat' dir='ltr'>Vaticano</span> <span class='ocrx_word' id='word_1_232' title='bbox 980 3535 1234 3619; x_wconf 80' lang='lat' dir='ltr'>Eyssenhardtio</span> <span class='ocrx_word' id='word_1_233' title='bbox 1257 3542 1389 3599; x_wconf 88' lang='lat' dir='ltr'>anctore</span> 
     </span>
     <span class='ocr_line' id='line_1_31' title="bbox 274 3641 1389 3728; baseline -0.002 -20"><span class='ocrx_word' id='word_1_234' title='bbox 274 3641 320 3708; x_wconf 89' lang='lat' dir='ltr'>ita</span> <span class='ocrx_word' id='word_1_235' title='bbox 341 3645 542 3710; x_wconf 86' lang='lat' dir='ltr'>exhibentur:</span> <span class='ocrx_word' id='word_1_236' title='bbox 573 3647 757 3724; x_wconf 83' lang='lat' dir='ltr'>,incusaret</span> <span class='ocrx_word' id='word_1_237' title='bbox 779 3696 790 3728; x_wconf 8' lang='grc' dir='ltr'>,Ἴ</span> <span class='ocrx_word' id='word_1_238' title='bbox 811 3698 818 3711; x_wconf 92' lang='grc'><strong>.</strong></span> <span class='ocrx_word' id='word_1_239' title='bbox 843 3695 849 3708; x_wconf 93' lang='grc'><strong>.</strong></span> <span class='ocrx_word' id='word_1_240' title='bbox 875 3695 882 3709; x_wconf 93' lang='grc'><strong>.</strong></span> <span class='ocrx_word' id='word_1_241' title='bbox 906 3698 913 3710; x_wconf 94' lang='grc'><strong><em>.</em></strong></span> <span class='ocrx_word' id='word_1_242' title='bbox 937 3650 1058 3709; x_wconf 90' lang='lat' dir='ltr'>certum</span> <span class='ocrx_word' id='word_1_243' title='bbox 1089 3665 1131 3708; x_wconf 86' lang='lat' dir='ltr'>aa</span> <span class='ocrx_word' id='word_1_244' title='bbox 1155 3646 1311 3708; x_wconf 91' lang='lat' dir='ltr'>incertum</span> <span class='ocrx_word' id='word_1_245' title='bbox 1332 3665 1389 3706; x_wconf 91' lang='lat' dir='ltr'>un-</span> 
     </span>
     <span class='ocr_line' id='line_1_32' title="bbox 276 3753 1389 3836; baseline -0.002 -20"><span class='ocrx_word' id='word_1_246' title='bbox 276 3753 441 3818; x_wconf 89' lang='lat' dir='ltr'>densotam</span> <span class='ocrx_word' id='word_1_247' title='bbox 472 3754 593 3819; x_wconf 91' lang='lat' dir='ltr'>rufinus</span> <span class='ocrx_word' id='word_1_248' title='bbox 621 3753 789 3835; x_wconf 84' lang='lat' dir='ltr'>subseda,“</span> <span class='ocrx_word' id='word_1_249' title='bbox 819 3775 902 3836; x_wconf 88' lang='lat' dir='ltr'>quae</span> <span class='ocrx_word' id='word_1_250' title='bbox 933 3753 1034 3818; x_wconf 89' lang='lat' dir='ltr'>foedis</span> <span class='ocrx_word' id='word_1_251' title='bbox 1063 3753 1187 3818; x_wconf 92' lang='lat' dir='ltr'>mendis</span> <span class='ocrx_word' id='word_1_252' title='bbox 1222 3753 1389 3836; x_wconf 90' lang='lat' dir='ltr'>inquinata</span> 
     </span>
     <span class='ocr_line' id='line_1_33' title="bbox 278 3860 1389 3946; baseline -0.005 -18"><span class='ocrx_word' id='word_1_253' title='bbox 278 3867 361 3928; x_wconf 90' lang='lat' dir='ltr'>sunt.</span> <span class='ocrx_word' id='word_1_254' title='bbox 405 3861 497 3946; x_wconf 80' lang='lat' dir='ltr'>Quae</span> <span class='ocrx_word' id='word_1_255' title='bbox 520 3861 595 3926; x_wconf 90' lang='lat' dir='ltr'>vitia</span> <span class='ocrx_word' id='word_1_256' title='bbox 618 3866 654 3925; x_wconf 92' lang='lat' dir='ltr'>ut</span> <span class='ocrx_word' id='word_1_257' title='bbox 675 3861 825 3926; x_wconf 89' lang='lat' dir='ltr'>tollerent</span> <span class='ocrx_word' id='word_1_258' title='bbox 848 3861 933 3927; x_wconf 88' lang='lat' dir='ltr'>docti</span> <span class='ocrx_word' id='word_1_259' title='bbox 955 3862 1013 3925; x_wconf 93' lang='lat' dir='ltr'>viri</span> <span class='ocrx_word' id='word_1_260' title='bbox 1044 3862 1098 3926; x_wconf 89' lang='lat' dir='ltr'>alii</span> <span class='ocrx_word' id='word_1_261' title='bbox 1127 3862 1224 3926; x_wconf 89' lang='lat' dir='ltr'>aliam</span> <span class='ocrx_word' id='word_1_262' title='bbox 1255 3860 1389 3942; x_wconf 86' lang='lat' dir='ltr'>ingressi</span> 
     </span>
     <span class='ocr_line' id='line_1_34' title="bbox 274 3955 1388 4054; baseline -0.004 -19"><span class='ocrx_word' id='word_1_263' title='bbox 274 3955 349 4035; x_wconf 87' lang='lat' dir='ltr'>sunt</span> <span class='ocrx_word' id='word_1_264' title='bbox 371 3973 463 4036; x_wconf 80' lang='lat' dir='ltr'>riam.</span> <span class='ocrx_word' id='word_1_265' title='bbox 509 3971 620 4052; x_wconf 88' lang='lat' dir='ltr'>Atque</span> <span class='ocrx_word' id='word_1_266' title='bbox 642 3969 679 4033; x_wconf 89' lang='lat' dir='ltr'>P.</span> <span class='ocrx_word' id='word_1_267' title='bbox 704 3969 863 4034; x_wconf 79' lang='lat' dir='ltr'>Castellns</span> <span class='ocrx_word' id='word_1_268' title='bbox 887 3970 1016 4054; x_wconf 87' lang='lat' dir='ltr'>quidem</span> <span class='ocrx_word' id='word_1_269' title='bbox 1042 3972 1169 4054; x_wconf 89' lang='lat' dir='ltr'>scripsit</span> <span class='ocrx_word' id='word_1_270' title='bbox 1193 3990 1301 4051; x_wconf 90' lang='lat' dir='ltr'>„reum</span> <span class='ocrx_word' id='word_1_271' title='bbox 1325 3989 1388 4032; x_wconf 89' lang='lat' dir='ltr'>non</span> 
     </span>
     <span class='ocr_line' id='line_1_35' title="bbox 273 4076 1388 4158; baseline 0.001 -18"><span class='ocrx_word' id='word_1_272' title='bbox 273 4077 350 4141; x_wconf 90' lang='lat' dir='ltr'>libet</span> <span class='ocrx_word' id='word_1_273' title='bbox 365 4077 537 4158; x_wconf 84' lang='lat' dir='ltr'>affirmare,</span> <span class='ocrx_word' id='word_1_274' title='bbox 557 4076 774 4141; x_wconf 86' lang='lat' dir='ltr'>indefensam“</span> <span class='ocrx_word' id='word_1_275' title='bbox 793 4079 933 4142; x_wconf 88' lang='lat' dir='ltr'>retinens</span> <span class='ocrx_word' id='word_1_276' title='bbox 952 4077 1173 4143; x_wconf 90' lang='lat' dir='ltr'>antecedentia</span> <span class='ocrx_word' id='word_1_277' title='bbox 1193 4078 1388 4154; x_wconf 88' lang='lat' dir='ltr'>„incusarat:</span> 
     </span>
     <span class='ocr_line' id='line_1_36' title="bbox 275 4183 1389 4270; baseline 0 -22"><span class='ocrx_word' id='word_1_278' title='bbox 275 4189 397 4248; x_wconf 91' lang='lat' dir='ltr'>certum</span> <span class='ocrx_word' id='word_1_279' title='bbox 432 4205 472 4248; x_wconf 90' lang='lat' dir='ltr'>an</span> <span class='ocrx_word' id='word_1_280' title='bbox 510 4185 698 4267; x_wconf 89' lang='lat' dir='ltr'>inoertum,“</span> <span class='ocrx_word' id='word_1_281' title='bbox 731 4206 813 4267; x_wconf 91' lang='lat' dir='ltr'>quae</span> <span class='ocrx_word' id='word_1_282' title='bbox 853 4186 995 4270; x_wconf 85' lang='lat' dir='ltr'>intellegi</span> <span class='ocrx_word' id='word_1_283' title='bbox 1031 4191 1207 4269; x_wconf 90' lang='lat' dir='ltr'>nequeunt,</span> <span class='ocrx_word' id='word_1_284' title='bbox 1241 4183 1389 4249; x_wconf 88' lang='lat' dir='ltr'>Valesius</span> 
     </span>
     <span class='ocr_line' id='line_1_37' title="bbox 275 4292 1387 4375; baseline 0 -19"><span class='ocrx_word' id='word_1_285' title='bbox 275 4292 385 4357; x_wconf 89' lang='lat' dir='ltr'>melius</span> <span class='ocrx_word' id='word_1_286' title='bbox 408 4292 551 4375; x_wconf 89' lang='lat' dir='ltr'>quidem,</span> <span class='ocrx_word' id='word_1_287' title='bbox 582 4294 636 4359; x_wconf 90' lang='lat' dir='ltr'>sed</span> <span class='ocrx_word' id='word_1_288' title='bbox 665 4315 684 4358; x_wconf 90' lang='lat' dir='ltr'>a</span> <span class='ocrx_word' id='word_1_289' title='bbox 713 4295 829 4360; x_wconf 92' lang='lat' dir='ltr'>codicis</span> <span class='ocrx_word' id='word_1_290' title='bbox 853 4293 1004 4362; x_wconf 91' lang='lat' dir='ltr'>Vaticani</span> <span class='ocrx_word' id='word_1_291' title='bbox 1024 4296 1177 4360; x_wconf 87' lang='lat' dir='ltr'>memoria</span> <span class='ocrx_word' id='word_1_292' title='bbox 1198 4295 1329 4358; x_wconf 89' lang='lat' dir='ltr'>nimium</span> <span class='ocrx_word' id='word_1_293' title='bbox 1355 4294 1387 4357; x_wconf 90' lang='lat' dir='ltr'>in</span> 
     </span>
     <span class='ocr_line' id='line_1_38' title="bbox 276 4399 1388 4498; baseline -0.001 -31"><span class='ocrx_word' id='word_1_294' title='bbox 276 4399 405 4467; x_wconf 88' lang='lat' dir='ltr'>modum</span> <span class='ocrx_word' id='word_1_295' title='bbox 433 4400 584 4468; x_wconf 90' lang='lat' dir='ltr'>recedens</span> <span class='ocrx_word' id='word_1_296' title='bbox 616 4404 811 4498; x_wconf 85' lang='lat' dir='ltr'>„incusarat:</span> <span class='ocrx_word' id='word_1_297' title='bbox 845 4426 939 4493; x_wconf 90' lang='lat' dir='ltr'>quem</span> <span class='ocrx_word' id='word_1_298' title='bbox 968 4406 1123 4470; x_wconf 89' lang='lat' dir='ltr'>incertum</span> <span class='ocrx_word' id='word_1_299' title='bbox 1153 4401 1237 4466; x_wconf 89' lang='lat' dir='ltr'>nnde</span> <span class='ocrx_word' id='word_1_300' title='bbox 1266 4402 1388 4466; x_wconf 84' lang='lat' dir='ltr'>infenso</span> 
     </span>
    </p>
   </div>
   <div class='ocr_carea' id='block_1_3' title="bbox 0 0 1623 5026">
    <p class='ocr_par' dir='ltr' id='par_1_6' title="bbox 0 0 1623 5026">
     <span class='ocr_line' id='line_1_39' title="bbox 0 0 1623 5026; baseline 0 0"><span class='ocrx_word' id='word_1_301' title='bbox 0 0 1623 5026; x_wconf 95' lang='lat' dir='ltr'> </span> 
     </span>
    </p>
   </div>
  </div>
 </body>
</html>
