3232 5026
731 405 943 468 ..20-

571 600 613 663 II.
637 597 772 663 Verba
801 563 1084 680 distinguendi.

253 728 380 794 differre
401 725 489 792 verbi
519 731 682 791 structura
711 727 902 791 Ammianea
930 727 1025 810 plane
1054 727 1211 791 consentit
1237 748 1309 791 cum
1339 748 1411 792 con-

296 835 463 900 suetudine
480 833 632 918 loquendi
651 831 814 899 Ciceronis
838 841 870 899 et
892 832 1006 915 Taciti,
1038 834 1098 898 nisi
1128 833 1214 917 quod
1243 834 1296 898 ille
1317 837 1413 900 etlam

297 964 408 1027 praep.
432 946 545 1023 „cum“
571 961 647 1004 usus
679 947 740 1018 est;
763 939 874 1005 Livius
909 941 1034 1005 nonnisi
1055 962 1165 1025 praep.
1207 940 1290 1021 „ab“
1325 963 1413 1005 nsur-

295 1052 393 1135 pavit.
438 1049 591 1132 Sequitur
623 1052 652 1130 1)
683 1069 792 1132 praep.
817 1048 901 1130 „ab“
924 1047 1041 1129 XIIII,
1073 1053 1122 1130 11,
1153 1052 1208 1114 28:
1239 1055 1364 1113 tantum
1394 1071 1413 1114 a

292 1159 478 1242 temperatis
510 1155 651 1221 moribus
673 1155 798 1220 Iuliani
830 1155 979 1221 differens
1010 1157 1134 1236 fratris,
1165 1161 1257 1238 XVI,
1283 1161 1332 1239 12,
1355 1161 1411 1236 613

292 1269 481 1331 immensum
509 1269 665 1347 quantum
697 1262 737 1326 ah
768 1285 805 1327 eo
840 1262 989 1328 differens
1014 1263 1321 1350 (Chonodomarius)
1348 1267 1411 1349 qui.

291 1378 323 1454 h)
348 1374 471 1454 „inter“
491 1375 653 1452 XXVIII,
677 1375 708 1452 4,
732 1375 788 1436 21:
813 1371 897 1436 inter
923 1393 1002 1454 quos
1029 1379 1154 1437 tantum
1177 1371 1285 1438 differt
1313 1395 1412 1457 quan-

290 1491 357 1546 tum
381 1482 464 1545 inter
485 1479 572 1544 fures
593 1485 625 1544 et
646 1479 796 1544 latrones.
925 1507 926 1513 ¹

250 1612 431 1677 discernere
452 1615 581 1676 verbum
606 1631 677 1675 cum
700 1630 810 1692 praep.
835 1612 917 1690 „ab“
943 1609 1060 1692 legitur
1082 1614 1194 1690 XIIII,
1214 1616 1243 1691 7,
1266 1615 1324 1676 21:
1348 1611 1412 1675 ullo

293 1719 493 1784 discernente
515 1739 535 1782 a
557 1719 709 1782 societate
732 1717 898 1782 noxiorum
920 1717 1071 1783 insontes

254 1845 439 1912 discordare
465 1849 596 1910 verbum
623 1866 694 1908 cnm
728 1865 838 1928 praep.
869 1848 984 1925 „cum“
1017 1843 1196 1909 adhibitum
1223 1853 1272 1910 est
1299 1851 1411 1922 XXII,

292 1957 405 2035 9,10:
432 1975 503 2017 cnm
536 1973 600 2036 quo
632 1953 786 2036 (inimico)
817 1951 1023 2018 discordabat
1054 1955 1237 2035 asperrime.
1286 1954 1411 2018 Eadem

289 2062 485 2144 praepositio
507 2059 595 2142 apud
619 2058 808 2124 Ciceronem
831 2059 1090 2142 deprehenditur.

246 2189 427 2273 discrepare
441 2193 572 2254 verbnm
596 2187 787 2254 aCicerone
809 2211 881 2252 cum
904 2191 1194 2272 praepositionibus
1219 2193 1291 2271 „ab,
1314 2190 1407 2266 inter,

290 2302 383 2362 cum“
407 2302 439 2360 et
459 2317 523 2361 nno
545 2296 615 2360 loco
639 2317 710 2360 cum
735 2296 850 2374 dativo,
874 2297 1028 2362 aTacito
1056 2296 1173 2379 ubique
1201 2317 1273 2360 cum
1300 2317 1408 2379 praep.

290 2408 374 2486 „ab“
406 2403 548 2469 iunctum
581 2403 667 2487 apud
693 2405 897 2469 Ammianum
928 2406 976 2470 bis
1006 2423 1115 2488 praep.
1155 2409 1237 2484 „ab“
1276 2405 1408 2469 assumit

287 2515 382 2593 XXI,
408 2517 436 2593 7,
460 2515 493 2577 3:
515 2533 608 2576 nemo
631 2513 714 2576 enim
733 2513 873 2576 omnium
896 2521 971 2578 tuno
992 2517 1032 2578 ab
1063 2513 1124 2577 hac
1154 2513 1313 2578 constanti
1340 2533 1407 2577 sen-

287 2621 389 2684 tentia
411 2619 629 2703 discrepabat;
656 2623 768 2700 XXII,
792 2624 821 2699 5,
845 2626 878 2686 4:
911 2643 1025 2705 parum
1057 2620 1196 2684 advertit
1226 2620 1406 2706 (Julianus)

286 2727 348 2792 hoc
383 2731 423 2792 ab
462 2748 499 2791 eo
536 2727 667 2791 nimium
710 2727 909 2811 discrepare,
955 2729 1052 2793 semel
1092 2729 1193 2794 solum
1233 2728 1407 2794 ablativum

287 2839 402 2916 XIIII,
424 2837 453 2915 6,
476 2837 536 2902 10:
560 2855 618 2898 nec
635 2837 747 2918 opibus
763 2857 822 2900 nec
837 2838 921 2901 victu
939 2857 997 2900 nec
1019 2837 1269 2902 indumentortm
1284 2837 1406 2900 vilitate

286 2943 444 3028 gregariis
466 2944 620 3008 militibus
642 2943 860 3028 discrepantes
882 2946 1054 3030 (malores).

243 3067 397 3135 dissidere
419 3074 515 3135 verbo
539 3069 756 3153 adiunguntur
778 3075 1028 3156 praepositiones
1050 3079 1080 3156 a)
1108 3079 1190 3155 „ab“
1212 3077 1287 3153 XV,
1312 3075 1341 3152 5,
1365 3076 1402 3137 8:

287 3178 443 3242 dissidens
466 3177 695 3264 (Apodemius)
723 3201 742 3243 a
774 3180 934 3246 mandatis
966 3203 1048 3265 quae
1082 3181 1295 3267 proficiscenti
1329 3188 1404 3244 sunt

287 3285 372 3351 datas
416 3285 451 3370 b)
477 3286 597 3364 „inter“
624 3289 732 3364 XXX,
756 3291 785 3365 4,
809 3290 866 3354 20:
893 3289 976 3354 inter
999 3312 1032 3356 se
1053 3291 1209 3356 hostiliter
1239 3287 1402 3355 dissident.

281 3395 312 3477 c)
338 3401 447 3471 „eum“
473 3397 583 3473 XXV,
616 3397 644 3471 5,
669 3397 704 3458 8:
738 3393 951 3460 Jovianorum
982 3398 1112 3479 signifer
1144 3435 1186 3444 ——
1215 3403 1288 3460 'cum
1317 3415 1400 3460 novo

282 3499 438 3564 dissidens
461 3502 605 3585 principe
629 3502 725 3565 etiam
749 3508 817 3566 tum
841 3505 974 3586 privato.
1019 3504 1162 3568 Eaedem
1193 3509 1267 3566 snut
1300 3508 1400 3567 struo·

282 3612 374 3670 turae
398 3607 570 3687 Ciceronis,
594 3609 654 3671 nisi
675 3607 760 3690 quod
781 3611 877 3673 etiam
901 3609 1041 3676 dativum
1065 3593 1201 3676 admisit.

236 3714 404 3780 dissonare
430 3714 527 3779 verbo
551 3715 593 3780 A.
629 3715 708 3779 duas
737 3723 915 3782 structuras
949 3716 1201 3783 accommodavit
1235 3719 1267 3803 1)
1289 3740 1398 3803 praep.

281 3821 362 3903 „ah“
381 3827 456 3900 XV,
472 3826 502 3899 5,
525 3827 560 3888 4:
586 3823 667 3887 alter
682 3823 818 3887 multum
835 3845 854 3888 a
869 3847 944 3891 vero
962 3827 1015 3890 illo
1033 3826 1199 3888 dissonans
1216 3865 1258 3872 —
1274 3834 1396 3906 textus,

277 3935 388 4008 XXII,
415 3932 461 4007 10,
484 3934 517 3994 2:
540 3929 627 3994 nulla
649 3932 716 3995 eius
739 3931 889 4018 (Iuliani)
912 3933 1052 3998 definitio
1074 3934 1138 3998 litis
1159 3954 1179 3997 a
1201 3955 1275 3999 vero
1299 3935 1397 4000 disso-

278 4059 358 4101 nans
381 4038 547 4120 reperitur.
601 4040 648 4115 15,
672 4041 712 4102 6:
734 4039 819 4121 quod
844 4046 1014 4123 utrumqne
1042 4039 1205 4106 dissonare
1228 4041 1352 4107 videtur
1378 4065 1398 4106 a

277 4146 419 4211 veritate.
464 4145 498 4230 2)
529 4143 703 4209 ablativum
725 4149 850 4220 XXVI,
876 4153 959 4227 1,1:
990 4148 1105 4212 similia
1137 4149 1275 4232 plurima
1303 4170 1395 4232 prae-

277 4255 377 4336 ceptis
399 4253 552 4318 historiae
575 4251 781 4322 dissonantia.

235 4359 357 4424 distare
380 4360 512 4424 verbum
546 4383 617 4424 cum
648 4383 757 4445 praep.
783 4365 904 4444 „iuter“
932 4370 1036 4430 exstat
1065 4369 1235 4430 XXVIIII
1281 4372 1307 4444 1,
1337 4367 1394 4430 18:

279 4466 358 4532 nihil
381 4469 465 4534 iuter
487 4490 520 4534 se
542 4469 733 4535 distantibus
754 4473 882 4536 meritis.
