3232 5026
710 394 924 455 ..21-

732 559 818 664 tao.
845 559 902 661 ΙΙ.Ι

321 701 395 768 Hoc
421 705 525 788 capite
553 708 585 771 in
613 729 651 772 ea
681 708 779 774 verba
806 711 968 793 inquirere
995 709 1071 773 mihi
1103 708 1268 792 proposui,
1303 729 1395 791 quae,

226 829 306 874 cum
324 811 477 894 simplicia
494 815 557 877 siut
571 813 783 898 intransitiva,
808 817 1035 901 compositione
1048 816 1175 880 demum
1194 815 1397 880 transitivum

228 925 426 1000 acceperunt
440 922 602 986 notionem
618 926 898 1009 accusativumque
914 925 1082 990 asciscunt.
1126 923 1310 990 Verborum
1331 920 1395 986 huc

227 1027 444 1109 spectantium
469 1029 532 1095 duo
552 1051 670 1114 genera
686 1039 826 1112 exstant3
849 1034 979 1098 alterius
996 1039 1070 1097 sunt
1091 1053 1139 1110 ea,
1166 1051 1251 1115 quae
1271 1037 1394 1095 motum

225 1133 279 1198 vel
312 1131 432 1217 quietio
454 1144 573 1202 statum
602 1141 807 1223 exprimunt,
828 1141 959 1206 alterius
981 1163 1033 1220 ea,
1055 1162 1138 1224 quae
1167 1138 1228 1218 „ad
1251 1139 1393 1202 animum

228 1249 290 1307 aut
320 1243 362 1307 ad
396 1251 484 1309 certa
515 1247 673 1330 quaedam
704 1251 846 1333 corporis
873 1249 1004 1314 humani
1032 1247 1176 1313 membra
1204 1247 1392 1331 pertinent.“

227 1353 488 1436 Praepositioues
504 1377 588 1435 vero,
612 1356 800 1439 quibuscum
822 1358 920 1423 verba
935 1357 1091 1423 eiusmodi
1105 1362 1179 1420 suut
1203 1355 1389 1438 composita,

229 1482 342 1526 omnes
364 1461 429 1526 fere
453 1463 539 1546 apud
562 1464 772 1529 Ammiauum
798 1467 1015 1550 reperiuntur;
1046 1471 1121 1530 sunt
1150 1464 1223 1530 hae:
1256 1461 1310 1542 ab,
1343 1462 1393 1541 ad,
1440 1483 1458 1546 j
1486 1552 1489 1558 Ι

229 1576 317 1649 ante,
341 1571 469 1651 circum,
493 1593 574 1651 cum,
598 1572 648 1655 de,
671 1595 718 1653 ex,
749 1575 791 1652 in,
826 1576 918 1653 inter,
953 1572 1004 1654 ob,
1034 1594 1100 1657 per,
1134 1592 1220 1656 prae,
1254 1577 1398 1655 praeter,

230 1700 302 1762 pro,
329 1679 396 1760 sub,
418 1701 521 1763 super,
546 1687 652 1760 traus3
676 1680 759 1760 amb,
784 1681 840 1760 dis,
862 1683 956 1762 intro,
976 1702 1022 1748 re.
1057 1757 1059 1764 Α

316 1795 395 1862 Jam
425 1819 463 1861 ex
494 1804 665 1882 conspectu
692 1798 861 1864 verborum
889 1798 974 1876 infra
1001 1803 1225 1880 congestorum
1253 1796 1391 1861 dilucide

228 1912 367 1988 apparet
408 1907 613 1974 Ammianum
638 1930 713 2000 ¹non
751 1908 852 1972 solum
889 1908 1043 1972 terminos
1079 1905 1238 1988 finesque,
1276 1905 1391 1989 quibus

229 2033 349 2078 aureae
384 2017 499 2079 aetatis
537 2016 722 2100 scriptores,
745 2022 781 2080 ut
812 2015 926 2081 Oicero
962 2016 1120 2080 rationem
1154 2018 1387 2078 structurarum

230 2120 385 2186 eiusmodi
408 2121 576 2187 verborum
599 2131 818 2205 coercuerunt,
840 2125 934 2208 longe
957 2124 1138 2202 excessisse,
1164 2121 1391 2198 verumetiam
1457 2210 1459 2216 y

228 2229 313 2294 Livii
351 2237 383 2294 et
414 2228 528 2310 Taciti,
567 2253 701 2314 quorum
736 2233 855 2318 scripta
889 2234 1015 2318 copiam
1051 2232 1219 2296 verborum
1254 2229 1392 2312 primum

228 2340 397 2414 transitive
429 2338 641 2420 exhibitorum
666 2341 743 2405 satis
773 2363 922 2424 maguam
953 2339 1170 2424 suppeditant,
1203 2337 1391 2404 extendisse.

227 2445 263 2510 N
264 2468 317 2510 am
337 2448 502 2531 complura
524 2447 621 2512 verba
636 2449 795 2531 leguntur,
820 2471 902 2535 quae
918 2449 965 2513 vel
982 2449 1109 2513 novavit
1134 2447 1220 2512 velut
1238 2446 1391 2524 „circum-

227 2557 379 2634 circar'e“‚
411 2556 460 2622 vel
481 2558 602 2641 primus
625 2563 682 2621 aut
703 2558 789 2622 solus
818 2558 986 2624 transitiva
1009 2559 1039 2620 vi
1066 2555 1171 2620 induit
1201 2554 1287 2619 velut
1311 2552 1394 2632 „dis-

226 2683 372 2737 cursare,
397 2684 534 2740 amcam,
563 2663 766 2743 extuberans,
798 2668 1024 2746 intercurrere,
1052 2661 1216 2742 interlabi,
1247 2667 1387 2744 praeter·

230 2777 391 2850 currare“,
415 2770 463 2834 vel
493 2772 552 2835 etsi
575 2773 637 2836 iarn
670 2797 688 2837 a
714 2774 818 2854 poetis
843 2795 913 2838 curn
937 2773 1119 2838 accusativo
1142 2769 1283 2836 admissa
1303 2772 1384 2846 sunt,

225 2877 420 2962 scriptorum
441 2878 598 2960 pedestris
613 2880 774 2943 'orationis
797 2881 918 2964 primus
941 2880 973 2942 iu
997 2877 1199 2944 transitivum
1221 2873 1392 2958 assumpsit

222 3007 318 3051 usum
334 2985 419 3050 velut
437 2985 629 3066 „subsidere
651 2989 895 3070 supereminere,
916 2987 1200 3064 circumcursare“‚
1215 2984 1265 3049 vel
1280 3003 1390 3068 quam-

224 3114 322 3177 quam
346 3094 409 3158 iam
428 3101 524 3158 antea
546 3096 578 3157 in
600 3093 714 3158 litteris
747 3094 855 3160 latinis
887 3096 1052 3160 transitive
1079 3093 1185 3178 posita
1208 3091 1387 3168 obveniunt,

228 3202 352 3285 primus
373 3202 526 3284 singulari
547 3201 777 3286 significatione
800 3203 949 3286 praedita
972 3201 1139 3287 usurpavit
1160 3201 1245 3265 velut
1265 3221 1391 3284 „super-

228 3312 379 3394 stare“.1)
421 3309 498 3375 Huc
521 3309 658 3391 aceedit,
688 3311 773 3394 quod
804 3312 962 3376 nonnullis
990 3311 1108 3389 verbis,
1138 3309 1253 3392 quibus
1277 3309 1390 3375 Oicero

229 3423 263 3482 et
286 3418 413 3482 omuino
437 3419 559 3482 classici
582 3420 754 3503 scriptores
781 3420 982 3503 plerumque,
1010 3418 1138 3500 saepius
1162 3416 1270 3481 Livius
1280 3417 1390 3504 [raro

194 3517 198 3525 ’
228 3531 356 3590 tantum
392 3524 524 3590 Tacitus
562 3527 657 3590 stiam
695 3527 964 3610 praepositionem
997 3524 1159 3607 quandam
1197 3532 1233 3588 ut
1270 3523 1388 3603 „adira

225 3631 373 3714 aggredi,
405 3633 572 3713 invadere,
596 3634 736 3716 ingredi,
760 3636 952 3718 irrumpere,
976 3631 1127 3706 influere,
1151 3632 1273 3710 subire,
1298 3632 1386 3696 aliis“

225 3745 284 3804 aut
311 3739 451 3804 dativum
479 3747 515 3804 ut
540 3742 690 3822 ,anteire
720 3742 918 3820 interiacere,
948 3739 1149 3824 praecedere,
1179 3739 1268 3803 aliis“
1295 3740 1385 3803 attri-

225 3847 381 3927 buerunt,
413 3850 538 3913 nonnisi
565 3850 781 3913 accusativum
815 3849 957 3914 subiecit.
1004 3852 1043 3912 In
1076 3847 1259 3911 universum
1290 3845 1384 3910 facile

224 3956 373 4037 cognosci
388 3962 493 4039 potest
507 3955 714 4022 Ammianum
735 3957 767 4019 in
786 3956 835 4020 his
852 3954 956 4021 verbis
971 3954 1163 4038 usurpandis
1185 3955 1322 4017 maxime
1347 3952 1389 4015 ab

224 4064 418 4146 optimorum
439 4073 620 4144 auctorum,
649 4069 685 4128 ut
708 4063 888 4137 Ciceronis,
913 4084 1057 4128 sermone
1090 4061 1267 4138 discedere,
1294 4058 1381 4122 haud

222 4172 270 4236 ita
291 4191 366 4236 raro
389 4193 461 4236 cum
485 4171 746 4255 generedicendi
770 4171 905 4237 Liviano
928 4171 1119 4248 consentire,
1144 4168 1286 4251 proxime
1309 4187 1383 4232 vero

225 4277 380 4343 accedere
406 4277 448 4342 ad
470 4277 630 4345 rationem
650 4278 802 4363 loquendi
824 4279 999 4344 Taciteam.

231 4411 523 4424 --—-—...-—-

293 4445 312 4513 ¹)
329 4446 370 4502 De
389 4463 442 4518 qno
465 4445 524 4500 vide
542 4462 629 4516 supra.
