<?xml version="1.0" encoding="UTF-8"?>
<!DOCTYPE html PUBLIC "-//W3C//DTD XHTML 1.0 Transitional//EN"
    "http://www.w3.org/TR/xhtml1/DTD/xhtml1-transitional.dtd">
<html xmlns="http://www.w3.org/1999/xhtml" xml:lang="en" lang="en">
 <head>
  <title>
</title>
<meta http-equiv="Content-Type" content="text/html;charset=utf-8" />
  <meta name='ocr-system' content='tesseract 3.04.00' />
  <meta name='ocr-capabilities' content='ocr_page ocr_carea ocr_par ocr_line ocrx_word'/>
</head>
<body>
  <div class='ocr_page' id='page_1' title='image "./deverborumcumpr00naumgoog_0120.png"; bbox 0 0 3276 5026; ppageno 0'>
   <div class='ocr_carea' id='block_1_1' title="bbox 693 438 933 501">
    <p class='ocr_par' dir='ltr' id='par_1_1' title="bbox 693 438 933 501">
     <span class='ocr_line' id='line_1_1' title="bbox 693 438 933 501; baseline -0.008 1"><span class='ocrx_word' id='word_1_1' title='bbox 693 473 731 485; x_wconf 89' lang='lat'><em>-</em></span> <span class='ocrx_word' id='word_1_2' title='bbox 780 438 841 501; x_wconf 78' lang='lat'>115</span> <span class='ocrx_word' id='word_1_3' title='bbox 884 441 933 485; x_wconf 83' lang='lat'>—&#39;</span> 
     </span>
    </p>
   </div>
   <div class='ocr_carea' id='block_1_2' title="bbox 168 603 1508 4485">
    <p class='ocr_par' dir='ltr' id='par_1_2' title="bbox 231 603 1389 804">
     <span class='ocr_line' id='line_1_2' title="bbox 231 603 1389 692; baseline 0 -22"><span class='ocrx_word' id='word_1_4' title='bbox 231 607 435 691; x_wconf 85' lang='lat' dir='ltr'><strong>suppeditare</strong></span> <span class='ocrx_word' id='word_1_5' title='bbox 462 608 567 689; x_wconf 85' lang='lat' dir='ltr'>XXI,</span> <span class='ocrx_word' id='word_1_6' title='bbox 596 613 624 688; x_wconf 86' lang='lat'>1,</span> <span class='ocrx_word' id='word_1_7' title='bbox 656 613 689 675; x_wconf 87' lang='lat'>8:</span> <span class='ocrx_word' id='word_1_8' title='bbox 721 609 947 674; x_wconf 70' lang='lat' dir='ltr'>substantiales</span> <span class='ocrx_word' id='word_1_9' title='bbox 980 613 1155 692; x_wconf 79' lang='lat' dir='ltr'>potestates</span> <span class='ocrx_word' id='word_1_10' title='bbox 1175 647 1218 655; x_wconf 97' lang='lat'><strong>—</strong></span> <span class='ocrx_word' id='word_1_11' title='bbox 1240 603 1389 672; x_wconf 85' lang='lat' dir='ltr'>vaticinia</span> 
     </span>
     <span class='ocr_line' id='line_1_3' title="bbox 272 707 818 804; baseline 0.009 -24"><span class='ocrx_word' id='word_1_12' title='bbox 272 718 461 783; x_wconf 83' lang='lat' dir='ltr'>mortalitati</span> <span class='ocrx_word' id='word_1_13' title='bbox 483 707 689 804; x_wconf 77' lang='lat' dir='ltr'>suppeditabt</span> <span class='ocrx_word' id='word_1_14' title='bbox 711 717 818 785; x_wconf 87' lang='lat' dir='ltr'>verba.</span> 
     </span>
    </p>

    <p class='ocr_par' dir='ltr' id='par_1_3' title="bbox 229 823 1508 1881">
     <span class='ocr_line' id='line_1_4' title="bbox 229 823 1389 910; baseline -0.002 -25"><span class='ocrx_word' id='word_1_15' title='bbox 229 829 398 906; x_wconf 85' lang='lat' dir='ltr'>suppetere</span> <span class='ocrx_word' id='word_1_16' title='bbox 426 831 539 908; x_wconf 80' lang='lat' dir='ltr'><strong>XIIII,</strong></span> <span class='ocrx_word' id='word_1_17' title='bbox 568 830 596 905; x_wconf 88' lang='lat'>6,</span> <span class='ocrx_word' id='word_1_18' title='bbox 616 829 674 892; x_wconf 85' lang='lat'>20:</span> <span class='ocrx_word' id='word_1_19' title='bbox 706 825 821 910; x_wconf 89' lang='lat' dir='ltr'>quibus</span> <span class='ocrx_word' id='word_1_20' title='bbox 843 823 996 910; x_wconf 84' lang='lat' dir='ltr'>(feminis)</span> <span class='ocrx_word' id='word_1_21' title='bbox 1018 861 1057 872; x_wconf 89' lang='lat'><em>-</em></span> <span class='ocrx_word' id='word_1_22' title='bbox 1081 844 1139 906; x_wconf 89' lang='lat' dir='ltr'>per</span> <span class='ocrx_word' id='word_1_23' title='bbox 1164 825 1303 886; x_wconf 88' lang='lat' dir='ltr'>aetatem</span> <span class='ocrx_word' id='word_1_24' title='bbox 1338 823 1389 884; x_wconf 87' lang='lat' dir='ltr'>ter</span> 
     </span>
     <span class='ocr_line' id='line_1_5' title="bbox 270 929 1389 1017; baseline -0.003 -24"><span class='ocrx_word' id='word_1_25' title='bbox 270 930 334 994; x_wconf 87' lang='lat' dir='ltr'>iam</span> <span class='ocrx_word' id='word_1_26' title='bbox 357 934 450 996; x_wconf 91' lang='lat' dir='ltr'>nixus</span> <span class='ocrx_word' id='word_1_27' title='bbox 471 939 600 1017; x_wconf 86' lang='lat' dir='ltr'>poterat</span> <span class='ocrx_word' id='word_1_28' title='bbox 620 940 789 1017; x_wconf 85' lang='lat' dir='ltr'>suppetere</span> <span class='ocrx_word' id='word_1_29' title='bbox 806 933 993 1016; x_wconf 79' lang='lat' dir='ltr'>liberorum3</span> <span class='ocrx_word' id='word_1_30' title='bbox 1015 929 1095 1012; x_wconf 84' lang='lat' dir='ltr'>XV,</span> <span class='ocrx_word' id='word_1_31' title='bbox 1119 933 1149 1012; x_wconf 85' lang='lat'>5,</span> <span class='ocrx_word' id='word_1_32' title='bbox 1175 933 1228 994; x_wconf 79' lang='lat'>18:</span> <span class='ocrx_word' id='word_1_33' title='bbox 1253 947 1389 1010; x_wconf 89' lang='lat' dir='ltr'>cumque</span> 
     </span>
     <span class='ocr_line' id='line_1_6' title="bbox 271 1039 1389 1126; baseline -0.003 -24"><span class='ocrx_word' id='word_1_34' title='bbox 271 1039 348 1104; x_wconf 91' lang='lat' dir='ltr'>nulli</span> <span class='ocrx_word' id='word_1_35' title='bbox 370 1041 412 1104; x_wconf 91' lang='lat' dir='ltr'>ad</span> <span class='ocrx_word' id='word_1_36' title='bbox 435 1042 614 1125; x_wconf 86' lang='lat' dir='ltr'>eligendum</span> <span class='ocrx_word' id='word_1_37' title='bbox 637 1043 713 1126; x_wconf 92' lang='lat' dir='ltr'>quid</span> <span class='ocrx_word' id='word_1_38' title='bbox 736 1044 789 1126; x_wconf 84' lang='lat' dir='ltr'>agi</span> <span class='ocrx_word' id='word_1_39' title='bbox 812 1042 952 1122; x_wconf 86' lang='lat' dir='ltr'>deberet,</span> <span class='ocrx_word' id='word_1_40' title='bbox 976 1061 1063 1104; x_wconf 92' lang='lat' dir='ltr'>meus</span> <span class='ocrx_word' id='word_1_41' title='bbox 1087 1043 1257 1122; x_wconf 89' lang='lat' dir='ltr'>suppetere</span> <span class='ocrx_word' id='word_1_42' title='bbox 1280 1039 1389 1119; x_wconf 86' lang='lat' dir='ltr'>posset</span> 
     </span>
     <span class='ocr_line' id='line_1_7' title="bbox 272 1143 1389 1234; baseline 0 -25"><span class='ocrx_word' id='word_1_43' title='bbox 272 1153 328 1210; x_wconf 89' lang='lat' dir='ltr'>aut</span> <span class='ocrx_word' id='word_1_44' title='bbox 349 1148 472 1232; x_wconf 74' lang='lat' dir='ltr'>lingua,</span> <span class='ocrx_word' id='word_1_45' title='bbox 495 1151 614 1232; x_wconf 88' lang='lat' dir='ltr'><strong>XVII,</strong></span> <span class='ocrx_word' id='word_1_46' title='bbox 637 1155 665 1225; x_wconf 87' lang='grc'>9,</span> <span class='ocrx_word' id='word_1_47' title='bbox 685 1154 717 1216; x_wconf 89' lang='lat'>6:</span> <span class='ocrx_word' id='word_1_48' title='bbox 740 1151 827 1234; x_wconf 90' lang='lat' dir='ltr'>quod</span> <span class='ocrx_word' id='word_1_49' title='bbox 849 1172 907 1216; x_wconf 91' lang='lat' dir='ltr'>nec</span> <span class='ocrx_word' id='word_1_50' title='bbox 929 1149 989 1233; x_wconf 90' lang='lat' dir='ltr'>ipsi</span> <span class='ocrx_word' id='word_1_51' title='bbox 1004 1148 1044 1233; x_wconf 87' lang='lat' dir='ltr'>(J</span> <span class='ocrx_word' id='word_1_52' title='bbox 1045 1147 1166 1231; x_wconf 86' lang='lat' dir='ltr'>uliano)</span> <span class='ocrx_word' id='word_1_53' title='bbox 1185 1144 1271 1229; x_wconf 90' lang='lat' dir='ltr'>quod</span> <span class='ocrx_word' id='word_1_54' title='bbox 1296 1143 1389 1210; x_wconf 87' lang='lat' dir='ltr'>daret</span> 
     </span>
     <span class='ocr_line' id='line_1_8' title="bbox 272 1253 1508 1343; baseline -0.002 -24"><span class='ocrx_word' id='word_1_55' title='bbox 272 1262 440 1340; x_wconf 88' lang='lat' dir='ltr'>suppetere</span> <span class='ocrx_word' id='word_1_56' title='bbox 469 1265 612 1343; x_wconf 90' lang='lat' dir='ltr'>poterat;</span> <span class='ocrx_word' id='word_1_57' title='bbox 637 1265 784 1340; x_wconf 89' lang='lat' dir='ltr'><strong>XXIIII,</strong></span> <span class='ocrx_word' id='word_1_58' title='bbox 814 1264 843 1338; x_wconf 91' lang='lat'>3,</span> <span class='ocrx_word' id='word_1_59' title='bbox 873 1264 907 1324; x_wconf 78' lang='lat'>5:</span> <span class='ocrx_word' id='word_1_60' title='bbox 939 1259 1016 1324; x_wconf 90' lang='lat' dir='ltr'>mihi</span> <span class='ocrx_word' id='word_1_61' title='bbox 1042 1277 1101 1321; x_wconf 88' lang='lat' dir='ltr'>nec</span> <span class='ocrx_word' id='word_1_62' title='bbox 1130 1253 1301 1319; x_wconf 82' lang='lat' dir='ltr'>facultates</span> <span class='ocrx_word' id='word_1_63' title='bbox 1331 1272 1390 1317; x_wconf 89' lang='lat' dir='ltr'>nec</span> <span class='ocrx_word' id='word_1_64' title='bbox 1504 1319 1508 1328; x_wconf 74' lang='grc'><strong>,</strong></span> 
     </span>
     <span class='ocr_line' id='line_1_9' title="bbox 271 1361 1388 1454; baseline -0.003 -27"><span class='ocrx_word' id='word_1_65' title='bbox 271 1367 492 1451; x_wconf 87' lang='lat' dir='ltr'>propinquitas</span> <span class='ocrx_word' id='word_1_66' title='bbox 514 1370 639 1452; x_wconf 87' lang='lat' dir='ltr'>generis</span> <span class='ocrx_word' id='word_1_67' title='bbox 661 1370 815 1453; x_wconf 82' lang='lat' dir='ltr'>suppetit3</span> <span class='ocrx_word' id='word_1_68' title='bbox 839 1365 962 1447; x_wconf 87' lang='lat' dir='ltr'><strong>XXX,</strong></span> <span class='ocrx_word' id='word_1_69' title='bbox 987 1371 1016 1444; x_wconf 84' lang='grc'>8,</span> <span class='ocrx_word' id='word_1_70' title='bbox 1042 1368 1076 1454; x_wconf 63' lang='grc' dir='ltr'>8ς</span> <span class='ocrx_word' id='word_1_71' title='bbox 1103 1361 1323 1448; x_wconf 85' lang='lat' dir='ltr'>magnitudine</span> <span class='ocrx_word' id='word_1_72' title='bbox 1343 1361 1388 1424; x_wconf 89' lang='lat' dir='ltr'>in-</span> 
     </span>
     <span class='ocr_line' id='line_1_10' title="bbox 273 1471 1389 1562; baseline -0.004 -25"><span class='ocrx_word' id='word_1_73' title='bbox 273 1474 383 1557; x_wconf 88' lang='lat' dir='ltr'>digens</span> <span class='ocrx_word' id='word_1_74' title='bbox 412 1475 684 1562; x_wconf 79' lang='lat' dir='ltr'>(Valentinianus)</span> <span class='ocrx_word' id='word_1_75' title='bbox 722 1479 941 1561; x_wconf 86' lang='lat' dir='ltr'>inpensarum,</span> <span class='ocrx_word' id='word_1_76' title='bbox 975 1482 1012 1539; x_wconf 90' lang='lat' dir='ltr'>ut</span> <span class='ocrx_word' id='word_1_77' title='bbox 1046 1471 1139 1537; x_wconf 88' lang='lat' dir='ltr'>militi</span> <span class='ocrx_word' id='word_1_78' title='bbox 1167 1471 1389 1555; x_wconf 86' lang='lat' dir='ltr'>supplementa</span> 
     </span>
     <span class='ocr_line' id='line_1_11' title="bbox 270 1585 1389 1670; baseline -0.004 -26"><span class='ocrx_word' id='word_1_79' title='bbox 270 1587 476 1665; x_wconf 89' lang='lat' dir='ltr'>suppeterent</span> <span class='ocrx_word' id='word_1_80' title='bbox 504 1591 536 1650; x_wconf 89' lang='lat' dir='ltr'>et</span> <span class='ocrx_word' id='word_1_81' title='bbox 564 1585 763 1670; x_wconf 83' lang='lat' dir='ltr'>inpendium3</span> <span class='ocrx_word' id='word_1_82' title='bbox 798 1585 946 1665; x_wconf 87' lang='lat' dir='ltr'><strong>XXXI,</strong></span> <span class='ocrx_word' id='word_1_83' title='bbox 978 1589 1031 1664; x_wconf 82' lang='lat'>13,</span> <span class='ocrx_word' id='word_1_84' title='bbox 1057 1588 1089 1648; x_wconf 82' lang='lat'>5:</span> <span class='ocrx_word' id='word_1_85' title='bbox 1125 1603 1196 1647; x_wconf 92' lang='lat' dir='ltr'>cum</span> <span class='ocrx_word' id='word_1_86' title='bbox 1222 1597 1389 1661; x_wconf 88' lang='lat' dir='ltr'>—neque</span> 
     </span>
     <span class='ocr_line' id='line_1_12' title="bbox 269 1686 1389 1778; baseline -0.003 -27"><span class='ocrx_word' id='word_1_87' title='bbox 269 1690 351 1753; x_wconf 85' lang='lat' dir='ltr'>uires</span> <span class='ocrx_word' id='word_1_88' title='bbox 366 1691 427 1755; x_wconf 93' lang='lat' dir='ltr'>illis</span> <span class='ocrx_word' id='word_1_89' title='bbox 441 1714 544 1776; x_wconf 89' lang='lat' dir='ltr'>neque</span> <span class='ocrx_word' id='word_1_90' title='bbox 562 1700 682 1759; x_wconf 89' lang='lat' dir='ltr'>mentes</span> <span class='ocrx_word' id='word_1_91' title='bbox 698 1699 908 1778; x_wconf 87' lang='lat' dir='ltr'>suppeterent</span> <span class='ocrx_word' id='word_1_92' title='bbox 922 1693 965 1758; x_wconf 88' lang='lat' dir='ltr'>ad</span> <span class='ocrx_word' id='word_1_93' title='bbox 984 1692 1160 1771; x_wconf 88' lang='lat' dir='ltr'>consilium,</span> <span class='ocrx_word' id='word_1_94' title='bbox 1175 1689 1238 1753; x_wconf 87' lang='lat' dir='ltr'>fine</span> <span class='ocrx_word' id='word_1_95' title='bbox 1255 1686 1389 1751; x_wconf 88' lang='lat' dir='ltr'>actionis</span> 
     </span>
     <span class='ocr_line' id='line_1_13' title="bbox 269 1800 752 1881; baseline 0.012 -20"><span class='ocrx_word' id='word_1_96' title='bbox 269 1800 504 1881; x_wconf 88' lang='lat' dir='ltr'>praepositione</span> <span class='ocrx_word' id='word_1_97' title='bbox 526 1801 607 1881; x_wconf 86' lang='lat' dir='ltr'>„ad“</span> <span class='ocrx_word' id='word_1_98' title='bbox 633 1802 752 1869; x_wconf 89' lang='lat' dir='ltr'>addito.</span> 
     </span>
    </p>

    <p class='ocr_par' dir='ltr' id='par_1_4' title="bbox 227 1904 1204 1991">
     <span class='ocr_line' id='line_1_14' title="bbox 227 1904 1204 1991; baseline 0 -24"><span class='ocrx_word' id='word_1_99' title='bbox 227 1906 406 1988; x_wconf 89' lang='lat' dir='ltr'>supplicare</span> <span class='ocrx_word' id='word_1_100' title='bbox 428 1907 529 1991; x_wconf 87' lang='lat' dir='ltr'><strong>XVI,</strong></span> <span class='ocrx_word' id='word_1_101' title='bbox 552 1913 583 1991; x_wconf 80' lang='lat'>5,</span> <span class='ocrx_word' id='word_1_102' title='bbox 607 1913 639 1974; x_wconf 83' lang='lat'>5:</span> <span class='ocrx_word' id='word_1_103' title='bbox 664 1910 786 1974; x_wconf 90' lang='lat' dir='ltr'>occulte</span> <span class='ocrx_word' id='word_1_104' title='bbox 807 1909 969 1975; x_wconf 84' lang='lat' dir='ltr'>Mercurio</span> <span class='ocrx_word' id='word_1_105' title='bbox 993 1904 1204 1991; x_wconf 81' lang='lat' dir='ltr'>supplicabat.</span> 
     </span>
    </p>

    <p class='ocr_par' dir='ltr' id='par_1_5' title="bbox 226 1990 1391 2318">
     <span class='ocr_line' id='line_1_15' title="bbox 226 1990 1391 2100; baseline -0.003 -27"><span class='ocrx_word' id='word_1_106' title='bbox 226 2010 391 2078; x_wconf 82' lang='lat' dir='ltr'>subridere</span> <span class='ocrx_word' id='word_1_107' title='bbox 412 2017 514 2094; x_wconf 90' lang='lat' dir='ltr'><strong>XXI,</strong></span> <span class='ocrx_word' id='word_1_108' title='bbox 539 2022 569 2100; x_wconf 88' lang='lat'>9,</span> <span class='ocrx_word' id='word_1_109' title='bbox 590 2021 623 2082; x_wconf 91' lang='lat'>8:</span> <span class='ocrx_word' id='word_1_110' title='bbox 656 2019 707 2082; x_wconf 89' lang='lat' dir='ltr'>cui</span> <span class='ocrx_word' id='word_1_111' title='bbox 729 2017 937 2100; x_wconf 81' lang='lat' dir='ltr'>(Lucilliano)</span> <span class='ocrx_word' id='word_1_112' title='bbox 965 2035 1111 2080; x_wconf 86' lang='lat' dir='ltr'>amarum</span> <span class='ocrx_word' id='word_1_113' title='bbox 1130 1990 1284 2077; x_wconf 67' lang='lat' dir='ltr'>lulianus</span> <span class='ocrx_word' id='word_1_114' title='bbox 1313 2006 1391 2072; x_wconf 90' lang='lat' dir='ltr'>sub-</span> 
     </span>
     <span class='ocr_line' id='line_1_16' title="bbox 269 2117 1390 2207; baseline -0.005 -23"><span class='ocrx_word' id='word_1_115' title='bbox 269 2121 385 2188; x_wconf 80' lang='lat' dir='ltr'>ridens</span> <span class='ocrx_word' id='word_1_116' title='bbox 431 2123 482 2188; x_wconf 92' lang='lat' dir='ltr'>De</span> <span class='ocrx_word' id='word_1_117' title='bbox 509 2147 586 2190; x_wconf 88' lang='lat' dir='ltr'>voce</span> <span class='ocrx_word' id='word_1_118' title='bbox 618 2131 803 2207; x_wconf 84' lang='lat' dir='ltr'>„amarum“</span> <span class='ocrx_word' id='word_1_119' title='bbox 834 2126 906 2191; x_wconf 93' lang='lat' dir='ltr'>loco</span> <span class='ocrx_word' id='word_1_120' title='bbox 935 2122 1078 2188; x_wconf 84' lang='lat' dir='ltr'>adverbii</span> <span class='ocrx_word' id='word_1_121' title='bbox 1108 2121 1214 2206; x_wconf 89' lang='lat' dir='ltr'>posita</span> <span class='ocrx_word' id='word_1_122' title='bbox 1241 2117 1390 2199; x_wconf 88' lang='lat' dir='ltr'>inspicias</span> 
     </span>
     <span class='ocr_line' id='line_1_17' title="bbox 268 2229 605 2318; baseline 0.015 -23"><span class='ocrx_word' id='word_1_123' title='bbox 268 2229 438 2299; x_wconf 88' lang='lat' dir='ltr'>Hassenst.</span> <span class='ocrx_word' id='word_1_124' title='bbox 461 2255 490 2316; x_wconf 92' lang='lat' dir='ltr'>p.</span> <span class='ocrx_word' id='word_1_125' title='bbox 514 2239 534 2300; x_wconf 91' lang='grc'>9</span> <span class='ocrx_word' id='word_1_126' title='bbox 557 2257 605 2318; x_wconf 91' lang='lat' dir='ltr'>sq.</span> 
     </span>
    </p>

    <p class='ocr_par' dir='ltr' id='par_1_6' title="bbox 225 2334 1392 2859">
     <span class='ocr_line' id='line_1_18' title="bbox 225 2334 1391 2429; baseline -0.005 -27"><span class='ocrx_word' id='word_1_127' title='bbox 225 2338 390 2406; x_wconf 88' lang='lat' dir='ltr'>subserere</span> <span class='ocrx_word' id='word_1_128' title='bbox 421 2343 553 2408; x_wconf 88' lang='lat' dir='ltr'>verbum</span> <span class='ocrx_word' id='word_1_129' title='bbox 583 2347 616 2429; x_wconf 84' lang='lat'>1)</span> <span class='ocrx_word' id='word_1_130' title='bbox 649 2343 778 2426; x_wconf 88' lang='lat' dir='ltr'>proprie</span> <span class='ocrx_word' id='word_1_131' title='bbox 811 2340 992 2406; x_wconf 87' lang='lat' dir='ltr'>adhibitum</span> <span class='ocrx_word' id='word_1_132' title='bbox 1023 2339 1170 2423; x_wconf 88' lang='lat' dir='ltr'>sequitur</span> <span class='ocrx_word' id='word_1_133' title='bbox 1199 2337 1233 2420; x_wconf 85' lang='lat' dir='ltr'>a)</span> <span class='ocrx_word' id='word_1_134' title='bbox 1264 2334 1391 2400; x_wconf 87' lang='lat' dir='ltr'>dativus</span> 
     </span>
     <span class='ocr_line' id='line_1_19' title="bbox 268 2441 1390 2535; baseline -0.008 -21"><span class='ocrx_word' id='word_1_135' title='bbox 268 2453 381 2529; x_wconf 86' lang='lat' dir='ltr'><strong>XIIII,</strong></span> <span class='ocrx_word' id='word_1_136' title='bbox 406 2455 455 2530; x_wconf 88' lang='lat'>11,</span> <span class='ocrx_word' id='word_1_137' title='bbox 481 2454 532 2517; x_wconf 87' lang='lat'>10:</span> <span class='ocrx_word' id='word_1_138' title='bbox 556 2452 672 2535; x_wconf 87' lang='lat' dir='ltr'>quibus</span> <span class='ocrx_word' id='word_1_139' title='bbox 693 2448 882 2515; x_wconf 89' lang='lat' dir='ltr'>subserebat</span> <span class='ocrx_word' id='word_1_140' title='bbox 905 2470 968 2513; x_wconf 90' lang='lat' dir='ltr'>non</span> <span class='ocrx_word' id='word_1_141' title='bbox 990 2447 1071 2513; x_wconf 90' lang='lat' dir='ltr'>adeo</span> <span class='ocrx_word' id='word_1_142' title='bbox 1088 2453 1178 2510; x_wconf 82' lang='lat' dir='ltr'>vetus</span> <span class='ocrx_word' id='word_1_143' title='bbox 1196 2441 1390 2525; x_wconf 80' lang='lat' dir='ltr'>exemplum3</span> 
     </span>
     <span class='ocr_line' id='line_1_20' title="bbox 269 2550 1391 2642; baseline -0.006 -23"><span class='ocrx_word' id='word_1_144' title='bbox 269 2553 354 2638; x_wconf 89' lang='lat' dir='ltr'>XX,</span> <span class='ocrx_word' id='word_1_145' title='bbox 379 2563 408 2637; x_wconf 89' lang='grc'>3,</span> <span class='ocrx_word' id='word_1_146' title='bbox 433 2561 469 2623; x_wconf 84' lang='lat'>8:</span> <span class='ocrx_word' id='word_1_147' title='bbox 493 2580 555 2622; x_wconf 92' lang='lat' dir='ltr'>non</span> <span class='ocrx_word' id='word_1_148' title='bbox 578 2580 754 2642; x_wconf 89' lang='lat' dir='ltr'>numquam</span> <span class='ocrx_word' id='word_1_149' title='bbox 776 2557 903 2622; x_wconf 84' lang='lat' dir='ltr'>ferienti</span> <span class='ocrx_word' id='word_1_150' title='bbox 926 2579 959 2621; x_wconf 90' lang='lat' dir='ltr'>se</span> <span class='ocrx_word' id='word_1_151' title='bbox 976 2555 1115 2621; x_wconf 88' lang='lat' dir='ltr'>subserit</span> <span class='ocrx_word' id='word_1_152' title='bbox 1128 2553 1213 2618; x_wconf 86' lang='lat' dir='ltr'>lanei</span> <span class='ocrx_word' id='word_1_153' title='bbox 1229 2550 1391 2616; x_wconf 90' lang='lat' dir='ltr'>obiectum</span> 
     </span>
     <span class='ocr_line' id='line_1_21' title="bbox 271 2657 1392 2748; baseline -0.005 -22"><span class='ocrx_word' id='word_1_154' title='bbox 271 2670 374 2729; x_wconf 84' lang='lat' dir='ltr'>metae</span> <span class='ocrx_word' id='word_1_155' title='bbox 397 2667 499 2730; x_wconf 84' lang='lat' dir='ltr'>noctis</span> <span class='ocrx_word' id='word_1_156' title='bbox 520 2668 552 2730; x_wconf 91' lang='lat' dir='ltr'>in</span> <span class='ocrx_word' id='word_1_157' title='bbox 576 2688 690 2731; x_wconf 91' lang='lat' dir='ltr'>conum</span> <span class='ocrx_word' id='word_1_158' title='bbox 712 2666 885 2730; x_wconf 89' lang='lat' dir='ltr'>desinentis</span> <span class='ocrx_word' id='word_1_159' title='bbox 903 2672 1084 2748; x_wconf 84' lang='lat' dir='ltr'>angustum.</span> <span class='ocrx_word' id='word_1_160' title='bbox 1129 2660 1223 2726; x_wconf 87' lang='lat' dir='ltr'>Libri</span> <span class='ocrx_word' id='word_1_161' title='bbox 1242 2657 1392 2723; x_wconf 88' lang='lat' dir='ltr'>exhibent</span> 
     </span>
     <span class='ocr_line' id='line_1_22' title="bbox 271 2765 1391 2859; baseline -0.005 -24"><span class='ocrx_word' id='word_1_162' title='bbox 271 2772 415 2854; x_wconf 87' lang='lat' dir='ltr'>„lanici“,</span> <span class='ocrx_word' id='word_1_163' title='bbox 440 2796 479 2838; x_wconf 90' lang='lat' dir='ltr'>ex</span> <span class='ocrx_word' id='word_1_164' title='bbox 507 2797 571 2859; x_wconf 91' lang='lat' dir='ltr'>quo</span> <span class='ocrx_word' id='word_1_165' title='bbox 599 2774 794 2856; x_wconf 83' lang='lat' dir='ltr'>Kisslingius</span> <span class='ocrx_word' id='word_1_166' title='bbox 823 2772 944 2856; x_wconf 78' lang='lat' dir='ltr'>(Fleck.</span> <span class='ocrx_word' id='word_1_167' title='bbox 965 2771 997 2837; x_wconf 90' lang='lat' dir='ltr'>J.</span> <span class='ocrx_word' id='word_1_168' title='bbox 1022 2771 1044 2836; x_wconf 84' lang='lat' dir='ltr'>f.</span> <span class='ocrx_word' id='word_1_169' title='bbox 1067 2770 1151 2837; x_wconf 92' lang='lat' dir='ltr'>Phil.</span> <span class='ocrx_word' id='word_1_170' title='bbox 1177 2772 1238 2836; x_wconf 84' lang='lat'>103</span> <span class='ocrx_word' id='word_1_171' title='bbox 1258 2791 1289 2853; x_wconf 89' lang='lat' dir='ltr'>p.</span> <span class='ocrx_word' id='word_1_172' title='bbox 1313 2765 1391 2850; x_wconf 86' lang='grc'>486)</span> 
     </span>
    </p>

    <p class='ocr_par' dir='ltr' id='par_1_7' title="bbox 168 2873 1389 2965">
     <span class='ocr_line' id='line_1_23' title="bbox 168 2873 1389 2965; baseline -0.006 -20"><span class='ocrx_word' id='word_1_173' title='bbox 168 2893 170 2898; x_wconf 83' lang='grc'>’</span> <span class='ocrx_word' id='word_1_174' title='bbox 269 2887 355 2946; x_wconf 89' lang='lat' dir='ltr'>recte</span> <span class='ocrx_word' id='word_1_175' title='bbox 374 2883 515 2947; x_wconf 86' lang='lat' dir='ltr'>restituit</span> <span class='ocrx_word' id='word_1_176' title='bbox 540 2883 672 2961; x_wconf 88' lang='lat' dir='ltr'>„lanoi“,</span> <span class='ocrx_word' id='word_1_177' title='bbox 696 2881 783 2965; x_wconf 91' lang='lat' dir='ltr'>quod</span> <span class='ocrx_word' id='word_1_178' title='bbox 804 2880 995 2946; x_wconf 81' lang='lat' dir='ltr'>vocabulum</span> <span class='ocrx_word' id='word_1_179' title='bbox 1019 2881 1118 2945; x_wconf 90' lang='lat' dir='ltr'>etiam</span> <span class='ocrx_word' id='word_1_180' title='bbox 1142 2879 1280 2943; x_wconf 91' lang='lat' dir='ltr'>occurrit</span> <span class='ocrx_word' id='word_1_181' title='bbox 1303 2873 1389 2956; x_wconf 90' lang='lat' dir='ltr'>XX,</span> 
     </span>
    </p>

    <p class='ocr_par' dir='ltr' id='par_1_8' title="bbox 248 2983 1394 4142">
     <span class='ocr_line' id='line_1_24' title="bbox 270 2983 1391 3075; baseline -0.01 -19"><span class='ocrx_word' id='word_1_182' title='bbox 270 2995 301 3068; x_wconf 85' lang='lat'>3,</span> <span class='ocrx_word' id='word_1_183' title='bbox 328 2995 343 3055; x_wconf 90' lang='lat' dir='ltr'>l</span> <span class='ocrx_word' id='word_1_184' title='bbox 367 2991 453 3056; x_wconf 92' lang='lat' dir='ltr'>idem</span> <span class='ocrx_word' id='word_1_185' title='bbox 473 2990 654 3073; x_wconf 82' lang='lat' dir='ltr'>significans</span> <span class='ocrx_word' id='word_1_186' title='bbox 671 2990 757 3075; x_wconf 90' lang='lat' dir='ltr'>quod</span> <span class='ocrx_word' id='word_1_187' title='bbox 778 3011 928 3074; x_wconf 84' lang='lat' dir='ltr'>graecum</span> <span class='ocrx_word' id='word_1_188' title='bbox 949 2989 1110 3068; x_wconf 54' lang='lat' dir='ltr'>,etcnogt</span> <span class='ocrx_word' id='word_1_189' title='bbox 1146 2987 1253 3069; x_wconf 83' lang='lat' dir='ltr'>Vulgo</span> <span class='ocrx_word' id='word_1_190' title='bbox 1273 2983 1391 3068; x_wconf 83' lang='lat' dir='ltr'>legitur</span> 
     </span>
     <span class='ocr_line' id='line_1_25' title="bbox 271 3094 1391 3183; baseline -0.009 -19"><span class='ocrx_word' id='word_1_191' title='bbox 271 3098 383 3180; x_wconf 87' lang='lat' dir='ltr'>„luci“.</span> <span class='ocrx_word' id='word_1_192' title='bbox 427 3098 603 3179; x_wconf 88' lang='lat' dir='ltr'><strong>XXVIII,</strong></span> <span class='ocrx_word' id='word_1_193' title='bbox 622 3103 652 3176; x_wconf 91' lang='grc'>4,</span> <span class='ocrx_word' id='word_1_194' title='bbox 668 3103 726 3165; x_wconf 84' lang='lat'>26:</span> <span class='ocrx_word' id='word_1_195' title='bbox 749 3098 914 3183; x_wconf 89' lang='lat' dir='ltr'>isdemque</span> <span class='ocrx_word' id='word_1_196' title='bbox 932 3098 1056 3182; x_wconf 91' lang='lat' dir='ltr'>(peritis</span> <span class='ocrx_word' id='word_1_197' title='bbox 1072 3096 1164 3178; x_wconf 91' lang='lat' dir='ltr'>iuris)</span> <span class='ocrx_word' id='word_1_198' title='bbox 1180 3094 1391 3159; x_wconf 88' lang='lat' dir='ltr'>subseruntur</span> 
     </span>
     <span class='ocr_line' id='line_1_26' title="bbox 266 3201 1389 3291; baseline -0.005 -19"><span class='ocrx_word' id='word_1_199' title='bbox 266 3208 452 3290; x_wconf 85' lang='lat' dir='ltr'>genitalium</span> <span class='ocrx_word' id='word_1_200' title='bbox 472 3213 617 3272; x_wconf 84' lang='lat' dir='ltr'>extorum</span> <span class='ocrx_word' id='word_1_201' title='bbox 640 3209 834 3291; x_wconf 88' lang='lat' dir='ltr'>interpretes</span> <span class='ocrx_word' id='word_1_202' title='bbox 857 3208 1070 3284; x_wconf 89' lang='lat' dir='ltr'>controversi;</span> <span class='ocrx_word' id='word_1_203' title='bbox 1100 3201 1281 3283; x_wconf 88' lang='lat' dir='ltr'><strong>XXVIIII,</strong></span> <span class='ocrx_word' id='word_1_204' title='bbox 1302 3205 1331 3279; x_wconf 88' lang='lat'><strong>5,</strong></span> <span class='ocrx_word' id='word_1_205' title='bbox 1356 3203 1389 3266; x_wconf 90' lang='lat'>1:</span> 
     </span>
     <span class='ocr_line' id='line_1_27' title="bbox 269 3311 1390 3401; baseline -0.008 -21"><span class='ocrx_word' id='word_1_206' title='bbox 269 3316 344 3380; x_wconf 93' lang='lat' dir='ltr'>dum</span> <span class='ocrx_word' id='word_1_207' title='bbox 356 3318 491 3401; x_wconf 85' lang='lat' dir='ltr'>negotiis</span> <span class='ocrx_word' id='word_1_208' title='bbox 505 3317 600 3401; x_wconf 84' lang='lat' dir='ltr'>longe</span> <span class='ocrx_word' id='word_1_209' title='bbox 613 3316 758 3382; x_wconf 88' lang='lat' dir='ltr'>discretis</span> <span class='ocrx_word' id='word_1_210' title='bbox 771 3323 803 3382; x_wconf 91' lang='lat' dir='ltr'>et</span> <span class='ocrx_word' id='word_1_211' title='bbox 818 3316 897 3380; x_wconf 90' lang='lat' dir='ltr'>locis</span> <span class='ocrx_word' id='word_1_212' title='bbox 913 3316 977 3380; x_wconf 88' lang='lat' dir='ltr'>alia</span> <span class='ocrx_word' id='word_1_213' title='bbox 991 3315 1212 3379; x_wconf 88' lang='lat' dir='ltr'>subseruntur.</span> <span class='ocrx_word' id='word_1_214' title='bbox 1235 3311 1270 3395; x_wconf 83' lang='lat' dir='ltr'>b)</span> <span class='ocrx_word' id='word_1_215' title='bbox 1280 3329 1390 3394; x_wconf 89' lang='lat' dir='ltr'>praep.</span> 
     </span>
     <span class='ocr_line' id='line_1_28' title="bbox 248 3421 1393 3511; baseline -0.007 -23"><span class='ocrx_word' id='word_1_216' title='bbox 248 3423 392 3506; x_wconf 77' lang='lat' dir='ltr'>¹„inter“</span> <span class='ocrx_word' id='word_1_217' title='bbox 412 3425 557 3506; x_wconf 85' lang='lat' dir='ltr'><strong>XXXI,</strong></span> <span class='ocrx_word' id='word_1_218' title='bbox 580 3428 611 3505; x_wconf 85' lang='grc'>2,</span> <span class='ocrx_word' id='word_1_219' title='bbox 634 3428 668 3492; x_wconf 87' lang='lat'>3:</span> <span class='ocrx_word' id='word_1_220' title='bbox 692 3448 789 3510; x_wconf 87' lang='lat' dir='ltr'>quam</span> <span class='ocrx_word' id='word_1_221' title='bbox 808 3425 966 3511; x_wconf 83' lang='lat' dir='ltr'>(carnem)</span> <span class='ocrx_word' id='word_1_222' title='bbox 982 3425 1066 3489; x_wconf 90' lang='lat' dir='ltr'>inter</span> <span class='ocrx_word' id='word_1_223' title='bbox 1082 3421 1205 3485; x_wconf 88' lang='lat' dir='ltr'>femora</span> <span class='ocrx_word' id='word_1_224' title='bbox 1223 3440 1283 3484; x_wconf 90' lang='lat' dir='ltr'>sua</span> <span class='ocrx_word' id='word_1_225' title='bbox 1299 3437 1393 3501; x_wconf 90' lang='lat' dir='ltr'>equo-</span> 
     </span>
     <span class='ocr_line' id='line_1_29' title="bbox 268 3523 1394 3616; baseline -0.007 -20"><span class='ocrx_word' id='word_1_226' title='bbox 268 3555 403 3616; x_wconf 87' lang='lat' dir='ltr'>rumque</span> <span class='ocrx_word' id='word_1_227' title='bbox 425 3540 518 3616; x_wconf 86' lang='lat' dir='ltr'>terga</span> <span class='ocrx_word' id='word_1_228' title='bbox 537 3532 716 3598; x_wconf 89' lang='lat' dir='ltr'>subsertam</span> <span class='ocrx_word' id='word_1_229' title='bbox 732 3534 802 3598; x_wconf 79' lang='lat' dir='ltr'>fotu</span> <span class='ocrx_word' id='word_1_230' title='bbox 818 3533 1011 3598; x_wconf 88' lang='lat' dir='ltr'>calefaciunt</span> <span class='ocrx_word' id='word_1_231' title='bbox 1027 3530 1146 3616; x_wconf 91' lang='lat' dir='ltr'>(Huni)</span> <span class='ocrx_word' id='word_1_232' title='bbox 1160 3527 1258 3593; x_wconf 83' lang='lat' dir='ltr'>breui.</span> <span class='ocrx_word' id='word_1_233' title='bbox 1291 3523 1394 3590; x_wconf 87' lang='lat' dir='ltr'>Haud</span> 
     </span>
     <span class='ocr_line' id='line_1_30' title="bbox 269 3633 1394 3724; baseline -0.007 -20"><span class='ocrx_word' id='word_1_234' title='bbox 269 3640 364 3704; x_wconf 90' lang='lat' dir='ltr'>dubie</span> <span class='ocrx_word' id='word_1_235' title='bbox 386 3647 473 3706; x_wconf 89' lang='lat' dir='ltr'>recte</span> <span class='ocrx_word' id='word_1_236' title='bbox 494 3641 621 3724; x_wconf 88' lang='lat' dir='ltr'>scripsit</span> <span class='ocrx_word' id='word_1_237' title='bbox 642 3641 914 3708; x_wconf 85' lang='lat' dir='ltr'>Gardthausenus</span> <span class='ocrx_word' id='word_1_238' title='bbox 937 3659 1074 3723; x_wconf 87' lang='lat' dir='ltr'>eumque</span> <span class='ocrx_word' id='word_1_239' title='bbox 1103 3640 1231 3701; x_wconf 87' lang='lat' dir='ltr'>secutus</span> <span class='ocrx_word' id='word_1_240' title='bbox 1253 3633 1394 3718; x_wconf 83' lang='lat' dir='ltr'>Eyssen-</span> 
     </span>
     <span class='ocr_line' id='line_1_31' title="bbox 268 3747 1391 3834; baseline -0.008 -21"><span class='ocrx_word' id='word_1_241' title='bbox 268 3749 415 3814; x_wconf 91' lang='lat' dir='ltr'>hardtius</span> <span class='ocrx_word' id='word_1_242' title='bbox 429 3771 488 3834; x_wconf 93' lang='lat' dir='ltr'>pro</span> <span class='ocrx_word' id='word_1_243' title='bbox 505 3748 681 3833; x_wconf 87' lang='lat' dir='ltr'>depravata</span> <span class='ocrx_word' id='word_1_244' title='bbox 697 3750 815 3814; x_wconf 88' lang='lat' dir='ltr'>codicis</span> <span class='ocrx_word' id='word_1_245' title='bbox 826 3749 977 3814; x_wconf 88' lang='lat' dir='ltr'>Vaticani</span> <span class='ocrx_word' id='word_1_246' title='bbox 995 3749 1155 3829; x_wconf 88' lang='lat' dir='ltr'>scriptura</span> <span class='ocrx_word' id='word_1_247' title='bbox 1175 3747 1391 3826; x_wconf 83' lang='lat' dir='ltr'>,vaporumq“</span> 
     </span>
     <span class='ocr_line' id='line_1_32' title="bbox 272 3851 1392 3941; baseline -0.009 -19"><span class='ocrx_word' id='word_1_248' title='bbox 272 3864 540 3941; x_wconf 87' lang='lat' dir='ltr'>,equorumque“.</span> <span class='ocrx_word' id='word_1_249' title='bbox 584 3862 665 3940; x_wconf 90' lang='lat' dir='ltr'>(con.</span> <span class='ocrx_word' id='word_1_250' title='bbox 687 3859 851 3922; x_wconf 89' lang='lat' dir='ltr'>Ammian.</span> <span class='ocrx_word' id='word_1_251' title='bbox 875 3880 906 3941; x_wconf 93' lang='lat' dir='ltr'>p.</span> <span class='ocrx_word' id='word_1_252' title='bbox 929 3856 995 3941; x_wconf 88' lang='grc'>43.)</span> <span class='ocrx_word' id='word_1_253' title='bbox 1042 3858 1073 3934; x_wconf 89' lang='grc'>2)</span> <span class='ocrx_word' id='word_1_254' title='bbox 1096 3851 1254 3917; x_wconf 87' lang='lat' dir='ltr'>translate</span> <span class='ocrx_word' id='word_1_255' title='bbox 1277 3853 1392 3918; x_wconf 91' lang='lat' dir='ltr'><strong>XIIII.</strong></span> 
     </span>
     <span class='ocr_line' id='line_1_33' title="bbox 269 3949 1394 4050; baseline -0.007 -20"><span class='ocrx_word' id='word_1_256' title='bbox 269 3969 319 4046; x_wconf 92' lang='grc'>11,</span> <span class='ocrx_word' id='word_1_257' title='bbox 343 3967 379 4030; x_wconf 85' lang='lat'>3:</span> <span class='ocrx_word' id='word_1_258' title='bbox 410 3965 568 4049; x_wconf 88' lang='lat' dir='ltr'>spadones</span> <span class='ocrx_word' id='word_1_259' title='bbox 592 4003 629 4013; x_wconf 88' lang='lat'><em>-</em></span> <span class='ocrx_word' id='word_1_260' title='bbox 653 3987 712 4050; x_wconf 92' lang='lat' dir='ltr'>per</span> <span class='ocrx_word' id='word_1_261' title='bbox 738 3949 876 4030; x_wconf 88' lang='lat' dir='ltr'>arcanos</span> <span class='ocrx_word' id='word_1_262' title='bbox 900 3985 1049 4030; x_wconf 87' lang='lat' dir='ltr'>susurros</span> <span class='ocrx_word' id='word_1_263' title='bbox 1075 3961 1273 4026; x_wconf 89' lang='lat' dir='ltr'>nutrimenta</span> <span class='ocrx_word' id='word_1_264' title='bbox 1301 3957 1394 4040; x_wconf 87' lang='lat' dir='ltr'>fictis,</span> 
     </span>
     <span class='ocr_line' id='line_1_34' title="bbox 268 4073 690 4142; baseline 0.014 -6"><span class='ocrx_word' id='word_1_265' title='bbox 268 4073 453 4137; x_wconf 89' lang='lat' dir='ltr'>criminibus</span> <span class='ocrx_word' id='word_1_266' title='bbox 476 4073 690 4142; x_wconf 81' lang='lat' dir='ltr'>subsereutes</span> 
     </span>
    </p>

    <p class='ocr_par' dir='ltr' id='par_1_9' title="bbox 226 4180 1394 4266">
     <span class='ocr_line' id='line_1_35' title="bbox 226 4180 1394 4266; baseline -0.003 -20"><span class='ocrx_word' id='word_1_267' title='bbox 226 4182 392 4247; x_wconf 85' lang='lat' dir='ltr'>subvenire</span> <span class='ocrx_word' id='word_1_268' title='bbox 411 4181 548 4263; x_wconf 88' lang='lat' dir='ltr'><strong>XXVI,</strong></span> <span class='ocrx_word' id='word_1_269' title='bbox 565 4187 594 4260; x_wconf 88' lang='lat'><strong>8,</strong></span> <span class='ocrx_word' id='word_1_270' title='bbox 610 4187 667 4250; x_wconf 81' lang='lat'>15:</span> <span class='ocrx_word' id='word_1_271' title='bbox 687 4182 729 4248; x_wconf 91' lang='lat' dir='ltr'>ad</span> <span class='ocrx_word' id='word_1_272' title='bbox 745 4181 998 4247; x_wconf 88' lang='lat' dir='ltr'>subveniendum</span> <span class='ocrx_word' id='word_1_273' title='bbox 1016 4180 1082 4266; x_wconf 89' lang='lat' dir='ltr'>spei</span> <span class='ocrx_word' id='word_1_274' title='bbox 1097 4197 1205 4242; x_wconf 91' lang='lat' dir='ltr'>rerum</span> <span class='ocrx_word' id='word_1_275' title='bbox 1221 4181 1394 4242; x_wconf 87' lang='lat' dir='ltr'>extremae.</span> 
     </span>
    </p>

    <p class='ocr_par' dir='ltr' id='par_1_10' title="bbox 227 4283 1397 4485">
     <span class='ocr_line' id='line_1_36' title="bbox 227 4283 1395 4374; baseline -0.006 -21"><span class='ocrx_word' id='word_1_276' title='bbox 227 4311 391 4373; x_wconf 88' lang='lat' dir='ltr'>superesse</span> <span class='ocrx_word' id='word_1_277' title='bbox 407 4290 540 4354; x_wconf 88' lang='lat' dir='ltr'>verbum</span> <span class='ocrx_word' id='word_1_278' title='bbox 562 4290 681 4374; x_wconf 87' lang='lat' dir='ltr'>ubique</span> <span class='ocrx_word' id='word_1_279' title='bbox 702 4292 830 4354; x_wconf 85' lang='lat' dir='ltr'>dativus</span> <span class='ocrx_word' id='word_1_280' title='bbox 846 4293 1002 4374; x_wconf 88' lang='lat' dir='ltr'>sequitur.</span> <span class='ocrx_word' id='word_1_281' title='bbox 1048 4287 1196 4352; x_wconf 82' lang='lat' dir='ltr'>Ilandem</span> <span class='ocrx_word' id='word_1_282' title='bbox 1215 4284 1314 4350; x_wconf 88' lang='lat' dir='ltr'>habet</span> <span class='ocrx_word' id='word_1_283' title='bbox 1332 4283 1395 4347; x_wconf 87' lang='lat' dir='ltr'>vim</span> 
     </span>
     <span class='ocr_line' id='line_1_37' title="bbox 269 4393 1397 4485; baseline -0.006 -23"><span class='ocrx_word' id='word_1_284' title='bbox 269 4405 366 4482; x_wconf 89' lang='lat' dir='ltr'>atque</span> <span class='ocrx_word' id='word_1_285' title='bbox 397 4400 429 4484; x_wconf 86' lang='lat'>1)</span> <span class='ocrx_word' id='word_1_286' title='bbox 462 4400 638 4482; x_wconf 88' lang='lat' dir='ltr'>„reliquum</span> <span class='ocrx_word' id='word_1_287' title='bbox 671 4405 757 4466; x_wconf 87' lang='lat' dir='ltr'>esse“</span> <span class='ocrx_word' id='word_1_288' title='bbox 790 4401 839 4464; x_wconf 88' lang='lat' dir='ltr'>vel</span> <span class='ocrx_word' id='word_1_289' title='bbox 874 4400 1010 4485; x_wconf 88' lang='lat' dir='ltr'>simplex</span> <span class='ocrx_word' id='word_1_290' title='bbox 1041 4402 1149 4478; x_wconf 88' lang='lat' dir='ltr'>„esse“</span> <span class='ocrx_word' id='word_1_291' title='bbox 1180 4393 1288 4473; x_wconf 90' lang='lat' dir='ltr'><strong>XXI,</strong></span> <span class='ocrx_word' id='word_1_292' title='bbox 1311 4395 1341 4464; x_wconf 85' lang='lat'><strong>2,</strong></span> <span class='ocrx_word' id='word_1_293' title='bbox 1364 4394 1397 4455; x_wconf 83' lang='lat'>2:</span> 
     </span>
    </p>
   </div>
   <div class='ocr_carea' id='block_1_3' title="bbox 270 4501 1397 4679">
    <p class='ocr_par' dir='ltr' id='par_1_11' title="bbox 270 4501 1397 4679">
     <span class='ocr_line' id='line_1_38' title="bbox 270 4501 1397 4610; baseline -0.007 -42"><span class='ocrx_word' id='word_1_294' title='bbox 270 4506 346 4570; x_wconf 92' lang='lat' dir='ltr'>nihil</span> <span class='ocrx_word' id='word_1_295' title='bbox 367 4527 516 4591; x_wconf 90' lang='lat' dir='ltr'>asperum</span> <span class='ocrx_word' id='word_1_296' title='bbox 544 4507 604 4571; x_wconf 92' lang='lat' dir='ltr'>sibi</span> <span class='ocrx_word' id='word_1_297' title='bbox 624 4529 791 4592; x_wconf 89' lang='lat' dir='ltr'>superesse</span> <span class='ocrx_word' id='word_1_298' title='bbox 814 4508 1013 4574; x_wconf 87' lang='lat' dir='ltr'>exstimabat</span> <span class='ocrx_word' id='word_1_299' title='bbox 1036 4503 1232 4610; x_wconf 77' lang='lat' dir='ltr'>(Juliapus);</span> <span class='ocrx_word' id='word_1_300' title='bbox 1268 4503 1315 4580; x_wconf 88' lang='grc'>12,</span> <span class='ocrx_word' id='word_1_301' title='bbox 1342 4501 1397 4562; x_wconf 87' lang='grc'>14;</span> 
     </span>
     <span class='ocr_line' id='line_1_39' title="bbox 1270 4623 1304 4679; baseline 0 -22"><span class='ocrx_word' id='word_1_302' title='bbox 1270 4623 1304 4679; x_wconf 70' lang='grc'>8*</span> 
     </span>
    </p>
   </div>
   <div class='ocr_carea' id='block_1_4' title="bbox 0 0 1644 5026">
    <p class='ocr_par' dir='ltr' id='par_1_12' title="bbox 0 0 1644 5026">
     <span class='ocr_line' id='line_1_40' title="bbox 0 0 1644 5026; baseline 0 0"><span class='ocrx_word' id='word_1_303' title='bbox 0 0 1644 5026; x_wconf 95' lang='lat' dir='ltr'> </span> 
     </span>
    </p>
   </div>
  </div>
 </body>
</html>
