3232 5026
769 472 961 550 »l-

286 662 390 737 verbis
406 667 589 756 compositis
610 651 832 738 construendis
842 653 1015 766 scriptores
1031 666 1091 734 sibi
1102 663 1353 752 haudquaquam
1375 685 1448 732 oon·

286 778 403 844 stitisse
416 777 553 844 dilucide
565 786 733 864 appareat,
748 786 947 863 quantopere
958 778 1150 842 Ammianus
1161 783 1198 840 ut
1209 776 1337 840 natione
1352 775 1447 840 homo

286 885 433 954 Graecus
455 893 488 954 et
510 889 724 972 posteriorum
752 889 983 971 imperatorum
1004 885 1226 950 Romanorum
1250 882 1447 967 temporibus

285 996 384 1062 vitam
406 1017 542 1079 eamque
565 997 738 1061 maximam
759 1001 885 1080 partem
915 999 1110 1059 castrensem
1143 993 1262 1076 degens
1295 993 1395 1057 etiam‘
1414 993 1447 1056 in

285 1103 347 1168 hac
370 1124 408 1168 re
431 1101 473 1169 ab
495 1104 534 1168 iis
555 1103 773 1187 scriptoribus,
790 1124 870 1187 quos
895 1125 965 1168 eum
982 1101 1153 1166 imitandos
1169 1099 1229 1167 sibi
1247 1102 1448 1185 proposuisse

287 1218 414 1278 constat
436 1219 469 1278 ct
497 1233 517 1276 a
543 1211 659 1295 quibus
692 1213 850 1278 rationem
883 1211 1034 1295 loquendi
1067 1209 1174 1276 multis
1203 1211 1235 1274 in
1258 1208 1354 1274 rebus
1379 1231 1447 1275 esse

286 1317 444 1384 diversam
467 1319 707 1386 dissertationes
731 1341 829 1406 supra
858 1318 1019 1384 exhibitae
1037 1317 1215 1384 luculenter
1238 1317 1362 1398 docent,
1385 1318 1448 1383 dis·

286 1434 395 1511 crepet
417 1449 560 1512 quasque
583 1428 704 1495 habeat
726 1452 778 1496 res
801 1451 873 1496 cnm
896 1429 935 1494 iis
956 1447 1147 1506 communes,
1169 1433 1389 1511 cognoscatur.

388 1536 576 1620 Antequam
598 1538 640 1603 ad
663 1560 731 1604 rem
764 1539 867 1623 ipsam
899 1537 1068 1619 accedam,
1095 1535 1157 1600 hoc
1176 1536 1305 1618 quidem
1322 1529 1397 1601 loco
1415 1542 1447 1601 et

285 1642 415 1730 longum
439 1651 472 1710 et
493 1667 764 1730 supervacaneum
798 1667 866 1712 esse
898 1644 1040 1711 arbitror
1072 1644 1240 1728 explicare,
1275 1665 1358 1728 quae
1378 1665 1445 1708 ver·

286 1750 399 1816 borum
420 1754 668 1838 compositorum
692 1756 781 1840 origo
805 1756 847 1820 sit
868 1754 918 1821 vel
940 1760 1047 1819 utrum
1062 1752 1151 1817 verbi
1171 1754 1337 1836 compositi
1350 1773 1444 1819 mem·

285 1859 380 1926 brum
400 1867 594 1930 structuram
630 1864 863 1950 dependentem
896 1861 1024 1943 efficiat,
1053 1862 1170 1946 quippe
1195 1883 1278 1945 quae
1302 1864 1445 1946 quaestio

285 1968 465 2036 novissimis
483 1971 681 2056 temporibus
699 1971 741 2037 ab
764 1971 991 2054 Oesterbergio
1017 1968 1148 2035 Teetzio
1177 1969 1246 2034 aliis
1266 1976 1332 2035 tam
1355 1992 1446 2036 accu-

286 2081 357 2140 rate
380 2079 562 2161 etcopiose
585 2080 730 2163 exposita
764 2080 815 2161 sit,
849 2084 887 2144 ut
918 2077 998 2142 nihil
1029 2075 1177 2158 habeam,
1204 2075 1289 2160 qnod
1315 2076 1445 2159 addam,

289 2188 387 2267 atque
410 2204 450 2248 ex
472 2206 537 2267 qua
558 2185 601 2250 ad
622 2192 800 2252 structuras
822 2185 993 2251 verborum
1009 2185 1255 2268 compositorum
1270 2184 1443 2249 Ammiani.

284 2291 316 2354 in
349 2290 452 2357 lucem
487 2292 628 2359 edendas
662 2294 862 2379 potissimum
894 2299 1098 2378 comparatas
1133 2315 1205 2358 cnm
1237 2291 1443 2376 scriptoribus

285 2419 365 2482 quos
388 2399 452 2464 dixi
476 2401 598 2466 nullum
619 2402 779 2467 redundet
800 2401 1028 2468 adiumentum.

387 2507 412 2573 J
414 2530 467 2573 am
492 2508 531 2574 de
553 2511 678 2576 ratione
701 2511 794 2576 huius
818 2510 960 2594 opusculi
983 2531 1088 2592 pauca
1109 2508 1187 2575 mihi
1208 2508 1344 2577 dicenda
1362 2516 1444 2577 sunt.

285 2612 405 2680 Omnes
425 2615 494 2682 fere
514 2615 601 2682 docti
616 2619 686 2695 viri,
701 2620 756 2702 qni
772 2618 811 2684 de
826 2619 931 2684 verbis
947 2619 1130 2702 compositis
1146 2620 1445 2709 commentationem

284 2724 549 2808 conscripserunt,
563 2726 757 2792 monendum
772 2748 841 2793 esse
853 2726 1022 2809 duxerunt,
1032 2727 1135 2794 verbis
1147 2728 1286 2793 collectis
1294 2727 1446 2794 nonnulla

284 2853 413 2917 quoqne
430 2854 464 2898 se
481 2833 696 2913 admiscuisse,
709 2858 792 2921 quae
804 2838 834 2901 vi
848 2839 1092 2921 praepositionis
1104 2859 1206 2921 paene
1218 2837 1303 2902 omni
1319 2836 1446 2903 abiecta

284 2939 362 3005 nibil
385 2940 452 3007 fere
475 2963 495 3006 a
517 2943 622 3009 verbis
644 2945 841 3029 simplicibus
862 2945 1050 3011 recederent
1071 2947 1181 3028 itaque
1198 2966 1266 3010 are
1278 2946 1445 3030 proposita

283 3051 412 3134 proprie
452 3052 652 3135 segreganda
691 3059 807 3120 essent.
874 3053 1019 3138 Quorum
1051 3053 1093 3118 ad
1115 3054 1280 3120 rationem
1313 3074 1445 3138 prorsus

283 3179 334 3224 me
353 3158 502 3242 applicui.
550 3160 680 3226 Etenim
702 3162 874 3227 tenendum
897 3184 1011 3228 censeo
1039 3185 1103 3228 uon
1135 3161 1253 3246 ubique
1275 3163 1353 3227 satis
1376 3183 1445 3228 esse

284 3266 494 3350 exploratum,
513 3276 620 3333 utrum
637 3275 782 3354 potestas
793 3270 1041 3354 praepositionis
1057 3270 1100 3334 ad
1116 3276 1311 3335 structuram
1325 3269 1445 3335 habeat

283 3375 406 3460 aliquid
427 3377 581 3443 momenti
603 3399 712 3459 necne,
733 3378 849 3444 deinde
865 3399 929 3442 non
947 3379 1110 3463 ingratum
1133 3378 1202 3444 fore
1218 3385 1297 3462 puto
1318 3378 1366 3458 iis,
1389 3378 1446 3461 qui

232 3495 234 3499 ·
282 3482 315 3546 in
334 3481 493 3565 glossario
516 3483 557 3549 ab
570 3485 656 3550 omni
671 3491 765 3569 parte
788 3486 936 3551 absoluto
949 3485 1179 3553 conscribendo
1197 3507 1328 3570 operam
1351 3486 1446 3551 collo·

283 3592 387 3656 caturi
409 3592 481 3667 sint,
505 3593 602 3658 etiam
624 3595 780 3660 eiusmodi
801 3595 888 3660 locos
909 3595 942 3660 in
964 3602 1117 3680 promptu
1136 3593 1265 3662 babere.

383 3696 515 3766 Summo
545 3709 654 3768 autem
683 3704 761 3769 mihi
798 3703 983 3769 adiumento
1016 3703 1145 3769 fnemnt
1168 3703 1201 3766 in
1224 3702 1449 3767 dissertatione

283 3805 482 3874 conficienda
513 3817 644 3893 praeter
674 3811 773 3877 libros
813 3811 1068 3877 doctissimorum
1109 3812 1252 3876 virorum·
1289 3809 1450 3894 Draegeri

282 3915 490 4000 „historische
513 3917 637 4002 Syntax
660 3920 717 3987 der
738 3922 793 3987 lat.
812 3920 904 4006 Spr.“
937 3919 1059 4004 (Leipz.
1085 3922 1195 4006 1874),
1218 3919 1258 3987 R.
1279 3918 1448 3985 Kuehneri

280 4023 453 4104 ‚ausfuhrl
491 4024 674 4096 Grammat.
709 4029 738 4095 d.
770 4029 826 4094 lat.
865 4028 958 4114 Spr.“
998 4027 1161 4114 (Hannon.
1191 4031 1296 4111 1878),
1322 4025 1448 4092 Haasei

284 4131 526 4218 „Vorlesungen
553 4135 634 4202 iiber
660 4129 714 4206 lat.
737 4135 1100 4221 Sprachwissenschaft“
1128 4136 1249 4222 (Leipz.
1275 4137 1373 4222 1880)
1391 4156 1448 4221 po·

280 4240 439 4305 tissimum
466 4241 517 4306 hi:

281 4386 397 4441 tationes
416 4385 555 4441 doctorum
568 4388 691 4459 virorum,
709 4389 756 4460 qni
773 4387 805 4443 de
823 4389 911 4444 verbis
929 4391 1084 4460 compositis
1102 4391 1272 4458 scripserunt,
1290 4389 1389 4443 citatas
1407 4388 1448 4442 in·

280 4477 382 4546 venies3
400 4461 497 4546 quibus
506 4476 585 4536 adde:
607 4478 696 4546 Tecta,
716 4480 748 4535 (le
760 4479 898 4534 verborum
912 4482 1050 4550 composit.
1061 4481 1134 4560 apud
1146 4481 1286 4536 Horatium
1301 4482 1446 4548 structura,

280 4567 344 4622 diss.
363 4566 425 4622 llul.
446 4567 520 4622 1885.
