3276 5026
709 425 925 488 ..89-

279 600 536 678 cognomentum,
560 595 660 676 XVI,
684 598 712 674 5,
737 599 769 660 2:
794 595 844 659 cui
867 593 1010 679 (Catoni)
1035 591 1181 659 Censorii
1204 609 1395 674 cognomen-

278 709 346 768 tum
377 705 495 768 castior
522 705 606 768 vitae
633 703 748 769 indidit
774 704 890 782 cultus,
929 705 1054 780 XXII,
1082 706 1111 781 8,
1136 704 1192 766 33:
1225 697 1341 764 Arichi
1363 704 1395 762 et

279 812 388 878 Sinchi
400 817 432 877 et
443 811 571 896 Napaei
586 851 626 862 -·
640 813 784 877 indidere
798 813 882 877 mari
893 832 1008 876 noman
1019 809 1226 893 inhospitali:
1237 807 1394 889 „Ariohi“

279 920 412 985 coniecit
434 920 649 986 Kellerbauer
676 920 806 1002 (Blaett.
830 919 851 988 f.
874 919 982 1004 boyer.
1004 918 1159 1002 Gymnas.
1184 920 1266 983 1871
1288 938 1319 998 p.
1341 915 1393 997 19)

279 1049 318 1092 ex
346 1028 540 1093 auctoritate
573 1027 750 1093 Ptolemaei
783 1050 843 1111 pro
872 1026 1059 1107 „Arinohi“,
1088 1024 1173 1109 quod
1194 1024 1318 1090 codices
1342 1043 1393 1087 ex·

277 1134 395 1202 hibent.
428 1139 476 1215 15,
494 1139 527 1201 9:
551 1157 634 1218 qnae
656 1136 813 1221 (nomina)
835 1137 863 1201 ei
886 1135 989 1222 (Nilo)
1013 1171 1054 1183 -
1077 1133 1224 1197 nationes
1246 1130 1392 1195 indidere

278 1243 458 1327 conplures:
482 1248 600 1322 15,10;
623 1245 738 1328 quibus
758 1244 932 1329 (amnibus)
948 1242 1091 1308 subiecta
1102 1239 1258 1307 vocabula
1270 1243 1393 1304 veteres

278 1351 477 1431 indiderunt3
499 1354 640 1432 XXIII,
663 1357 694 1434 4,
716 1359 748 1418 7:
772 1356 822 1417 oui
845 1352 1031 1438 (scorpioni)
1053 1351 1149 1415 etiam
1173 1348 1285 1432 onagri
1303 1367 1394 1412 voca·

279 1459 385 1525 bulum
409 1460 526 1525 indidit
546 1468 636 1526 aetas
656 1461 793 1540 novella3
817 1467 846 1541 4,
860 1465 892 1527 8:
915 1474 998 1544 quae
1021 1459 1124 1524 forma
1143 1458 1217 1522 huic
1233 1455 1393 1521 machina·

280 1574 385 1633 mento
407 1567 597 1633 vocabulum
619 1568 747 1648 indidit3
773 1572 803 1650 6,
820 1573 857 1634 3:
878 1569 928 1633 cui
952 1567 1114 1653 (Nicatori
1132 1564 1277 1646 Seleuco)
1299 1564 1395 1628 uicto-

277 1677 398 1740 riarum
411 1675 566 1742 crebritas
575 1677 636 1742 hoc
648 1677 809 1742 indiderat
822 1665 1083 1761 cognomentum,
1108 1679 1136 1753 6,
1149 1677 1208 1739 23:
1230 1671 1395 1737 moenibus

278 1783 405 1850 Graeco
428 1785 531 1850 indito
553 1786 689 1852 nomine.

236 1891 374 1957 indicere
403 1891 535 1958 verbum
565 1894 696 1977 propria
724 1893 754 1957 vi
780 1891 829 1956 bis
856 1892 889 1956 iu
912 1890 1049 1955 formula
1072 1888 1211 1971 „bellum
1234 1887 1394 1952 indicere“

278 2001 439 2083 reperitur
459 2002 541 2080 XV,
553 2006 583 2080 4,
598 2005 629 2066 1;
654 2000 882 2066 Lentiensibus
892 1998 1114 2086 Alamannicis
1129 1997 1222 2080 pagis
1240 1994 1395 2059 indictum

278 2113 325 2172 est
346 2107 478 2188 bellum3
503 2111 698 2189 XXVIIII,
719 2115 748 2188 5,
771 2113 828 2174 40:
858 2109 945 2192 genti
967 2107 1085 2172 bellum
1108 2105 1231 2171 indixit.
1276 2103 1395 2168 Trans·

277 2215 341 2280 late
360 2217 459 2295 XVI,
483 2221 513 2298 5,
539 2221 571 2282 1:
594 2217 839 2301 temperantiam
857 2218 926 2300 ipse
951 2215 1010 2281 sibi
1032 2215 1160 2293 indixit3
1184 2213 1300 2295 XVII,
1320 2216 1348 2292 1,
1362 2215 1394 2278 2:

278 2323 399 2401 ducem,
420 2325 491 2410 plus
511 2325 631 2390 laboris
655 2326 795 2391 indicere
819 2325 879 2391 sibi
901 2305 998 2409 duam
1020 2324 1122 2405 militi,
1146 2361 1187 2370 -
1210 2321 1394 2398 adsuetum;

278 2434 416 2507 XXIII,
433 2436 462 2512 5,
474 2437 529 2498 24:
553 2433 632 2498 nihil
654 2434 867 2518 periculosum
888 2433 957 2499 fore
980 2433 1029 2497 vel
1050 2431 1187 2496 arduum
1207 2429 1396 2494 clamitabat

278 2541 395 2625 (miles)
422 2541 480 2606 sub
508 2543 702 2626 imperatore
729 2542 801 2627 plus
830 2541 889 2608 sibi
911 2541 1029 2607 laboris
1051 2561 1148 2623 quam
1171 2538 1327 2623 gregariis
1349 2539 1396 2602 in·

287 2648 438 2718 dicente,

236 2754 377 2820 iudicare
399 2757 522 2837 XVII,
550 2760 599 2838 12,
625 2761 656 2821 1:
690 2757 840 2840 Augusto
867 2795 904 2804 —
928 2755 1115 2822 indicabant
1142 2757 1245 2820 nuntii
1266 2777 1393 2839 graves3

278 2865 415 2940 XXIII,
430 2868 459 2946 3,
472 2870 508 2931 4:
530 2866 660 2949 agmina
683 2870 715 2929 et
738 2870 934 2929 commeatus
957 2864 1059 2930 omnis
1076 2865 1201 2948 generis
1214 2864 1395 2947 disponenti

279 2971 438 3055 (Juliano)
472 3011 512 3021 -
548 2973 721 3052 indicatur,
760 2974 885 3054 XXV,
913 2977 947 3053 3,
979 2977 1015 3036 2:
1049 2973 1185 3056 principi
1219 2972 1393 3050 indicatum

280 3081 475 3159 XXVIIII,
499 3085 527 3160 5,
551 3083 609 3146 40:
632 3080 707 3145 Hoc
727 3081 756 3145 ei
777 3081 886 3163 magni
908 3079 1045 3144 numinis
1067 3079 1251 3145 adiumento
1271 3079 1396 3162 gerenti

279 3189 493 3270 prosperrime
508 3210 601 3252 verus
618 3188 739 3254 indicat
758 3189 956 3272 explorator3
977 3189 1119 3266 XXXI,
1140 3189 1190 3270 10,
1203 3189 1258 3252 20:
1281 3187 1393 3269 punito

281 3294 429 3361 Scutario
456 3297 638 3379 proditore,
676 3298 731 3380 qui
762 3297 914 3362 festinare
948 3296 1124 3379 prinoipem
1156 3294 1198 3359 ad
1228 3294 1394 3377 Illyricum

280 3401 428 3468 barbaris
450 3403 618 3469 iudicarat.

238 3509 387 3576 inducere
414 3512 511 3577 verbo
536 3512 716 3595 inscriptis
740 3511 959 3577 Ciceronianis
986 3511 1103 3594 ubique
1125 3509 1395 3595 praepositionem

282 3621 451 3702 repetitam
475 3621 665 3686 adsciscenti
681 3620 873 3684 Ammianus
889 3619 994 3684 Taciti
1011 3641 1103 3684 usum
1119 3618 1244 3684 dicendi
1266 3624 1394 3684 secutus

281 3734 410 3811 praeter
424 3728 694 3811 praepositionem
717 3728 813 3791 semel
835 3727 979 3792 datiuum
999 3726 1147 3792 attribuit
1169 3749 1315 3810 eumque,
1339 3725 1394 3790 ubi

281 3835 436 3900 translate
458 3835 634 3916 exhibetur,
684 3837 715 3920 1)
742 3837 812 3916 „in“
837 3837 937 3917 XVI,
961 3840 990 3918 5,
1016 3841 1069 3900 11:
1093 3835 1232 3900 inductis
1254 3835 1394 3918 quadam
1423 3897 1426 3906 ,

280 3942 491 4008 sollemnitate
503 3943 672 4026 agentibus
688 3944 719 4006 in
735 3942 831 4007 rebus
854 3944 886 4007 in
909 3944 1146 4022 consistorium,
1169 3944 1290 4024 XXII,
1303 3945 1393 4022 10,5;

279 4051 411 4115 inducta
428 4052 460 4114 in
475 4051 626 4116 iudicium
649 4051 767 4116 femina
790 4052 965 4134 quaedam3
990 4056 1041 4133 14,
1054 4056 1090 4118 8:
1113 4050 1262 4116 inductus
1284 4051 1393 4135 (Apis)

280 4159 312 4224 in
345 4158 539 4237 thalamum3
577 4161 719 4240 XXIII,
753 4163 782 4241 1,
808 4163 865 4225 19:
896 4160 1108 4244 inductusque
1135 4161 1333 4244 (Amantius)
1361 4161 1394 4224 in

281 4267 439 4331 iudicium.
483 4267 533 4332 De
561 4267 671 4333 fabula
698 4269 729 4333 in
754 4289 882 4334 scenam
902 4269 1084 4335 inducenda
1106 4269 1280 4349 XXVIII,
1306 4273 1334 4349 1,
1360 4275 1393 4334 4:

282 4375 342 4439 hoo
374 4382 597 4457 argumentum
635 4377 731 4458 paulo
764 4383 877 4459 postea
911 4378 1070 4460 digestum
1108 4384 1233 4442 tumore
1271 4378 1395 4462 tragico

280 4481 481 4566 Phrynichus
507 4484 541 4546 in
568 4484 730 4549 theatrum
751 4483 923 4549 induxerat
946 4485 1160 4550 Athenarum.
1205 4484 1245 4568 2)
1268 4483 1394 4550 dativus
