3232 5026
315 1267 401 1374 Etsi
432 1301 554 1366 emissis
579 1297 826 1384 Eyssenhardtii
848 1306 881 1367 et
903 1298 1145 1368 Gardthauseni
1167 1301 1368 1383 editionibus,

209 1410 321 1494 quibus
379 1411 468 1470 certa
523 1406 745 1488 quaestionum
800 1403 1011 1470 fundamenta
1064 1406 1238 1472 constituta
1283 1413 1367 1488 sunt,

207 1517 291 1583 docti
328 1517 386 1580 viri
419 1535 483 1578 non
520 1512 700 1594 defuerunt,
736 1513 791 1595 qui
814 1512 932 1578 studiis
959 1513 1158 1578 Ammianeis
1179 1535 1244 1579 uon
1267 1514 1369 1580 solum

207 1645 355 1708 magnam
377 1621 583 1705 voluptatem,
604 1639 714 1684 rerum
738 1619 834 1684 etiam
856 1619 943 1685 haud
972 1621 1103 1704 exiguos
1130 1620 1252 1686 fructus
1277 1643 1369 1706 prae-

206 1730 353 1798 bentibus
377 1728 616 1813 diligentissime
642 1725 863 1792 incumberent
885 1733 941 1792 aut
972 1727 1112 1811 singulas
1145 1750 1221 1793 usus
1249 1735 1281 1794 et
1307 1729 1369 1794 elo·

207 1840 342 1906 cationis
363 1838 753 1923 partesperscrutantes1)
770 1836 874 1899 autin
890 1840 979 1900 textu
997 1837 1219 1902 constituendo
1236 1858 1367 1920 operam

208 1947 398 2013 collocantes
405 1947 431 2032 2)
447 1952 505 2010 aut
524 1944 567 2008 ad
584 1965 666 2028 quae
688 1943 883 2026 exemplaria
899 1943 1077 2008 orationem
1095 1944 1251 2010 imitando
1268 1945 1368 2028 appli-

208 2056 349 2139 cuisset³)
369 2053 417 2118 vel
440 2051 556 2137 quibus
572 2051 612 2116 de
631 2050 771 2115 fontibus
794 2053 857 2115 sive
879 2049 1037 2116 historicis
1059 2051 1122 2115 sive
1144 2051 1367 2136 geographicis

206 2164 373 2228 materiam
396 2161 668 2245 deprompsisset⁴l
690 2159 856 2242 exquirere
885 2158 1058 2237 studentes
1078 2166 1185 2226 tamen
1207 2160 1278 2244 plus
1300 2181 1366 2225 una

206 2272 349 2355 quaestio
373 2270 528 2353 imprimis
549 2268 594 2333 ad
615 2289 667 2332 res
681 2268 908 2350 grammaticas
929 2274 1087 2351 spectans,
1110 2289 1192 2351 quae
1208 2274 1366 2333 tractetur

205 2385 237 2442 et
259 2378 411 2462 requirat,
438 2383 475 2440 ut
496 2374 540 2440 ad
563 2374 726 2439 Ammiani
748 2375 904 2438 rationem
928 2373 1052 2438 dicendi
1087 2375 1284 2454 accedamus,
1318 2397 1365 2442 re·

203 2486 280 2551 licta
303 2491 351 2549 est
374 2484 568 2568 dignissima.
624 2471 718 2565 Elegi
750 2483 848 2566 igitur
867 2481 964 2545 verba
985 2503 1057 2546 cum
1077 2483 1366 2567 praepositionibus

205 2593 379 2678 composita
417 2593 449 2656 in
488 2592 590 2674 iisque
626 2611 708 2673 quac
743 2591 827 2654 ratio
860 2596 943 2654 esset
972 2589 1165 2654 Ammianea
1198 2591 1365 2657 ostendere

206 2700 314 2766 studui
338 2702 370 2765 in
391 2699 664 2784 comparationem
688 2703 811 2779 vocato,
844 2697 899 2761 ubi
927 2698 1025 2777 licuit,
1054 2719 1126 2762 curn
1147 2698 1310 2766 Ciceronis
1333 2709 1366 2766 et

204 2808 298 2890 Livii,
321 2815 388 2874 tum
421 2807 528 2873 Taciti
561 2827 630 2883 usu,
653 2807 791 2892 manime
816 2805 865 2870 his
888 2807 992 2871 causis
1026 2807 1193 2887 adductus
1224 2815 1270 2890 ut,
1293 2831 1364 2876 cum

206 2915 485 3001 equaestionibus
508 2915 573 2979 iam
594 2914 701 2977 multis
734 2913 773 2978 de
800 2913 870 2977 aliis
898 2915 1106 2997 scriptoribus
1129 2918 1310 3004 susceptis)
1332 2920 1365 2984 in

311 3092 330 3155 ²)
348 3087 517 3156 Kallenberg,
536 3087 582 3154 qui
604 3084 696 3153 paucis
715 3085 790 3137 annis
812 3086 875 3137 ante
898 3083 1030 3138 editiones
1052 3091 1270 3142 commemoratas
1292 3088 1363 3144 foras

205 3177 282 3233 dates
304 3178 424 3246 scripsit:
461 3181 581 3246 ‚quaest
608 3177 749 3244 grammat.
774 3174 972 3238 Ammianeec“,
991 3173 1056 3230 diss.
1075 3175 1135 3230 Hal.
1157 3178 1223 3230 1868
1242 3182 1270 3233 ct
1288 3194 1363 3234 accu-

201 3269 336 3323 ratissime
354 3267 386 3322 de
404 3265 725 3334 infinitisietpartieulae
748 3263 851 3333 „quod‘
870 3280 921 3316 usu
940 3263 1073 3319 disseruit.
1084 3295 1117 3304 -
1136 3267 1318 3332 Hassensteiu‚
1332 3268 1364 3322 de

201 3359 308 3426 syntaxi
320 3357 454 3412 Ammiani
469 3355 626 3424 Marcellini,
641 3354 705 3409 diss.
723 3354 961 3424 Regimout.1877.
980 3385 1013 3394 -
1033 3355 1183 3420 Dederichs‚
1194 3359 1363 3425 quaestiones

201 3449 371 3502 Ammianeae
398 3446 587 3517 grammaticae
621 3449 649 3499 et
672 3445 793 3512 criticas,
822 3445 885 3498 diss.
921 3445 1037 3497 Monast.
1059 3445 1131 3498 1878.
1153 3478 1183 3484 --
1208 3447 1362 3518 Reinbardt,

201 3538 234 3593 de
252 3537 396 3608 praeposit.
415 3553 465 3590 usu
495 3537 565 3605 apud
591 3536 779 3604 Amissum,
803 3534 867 3590 diss.
895 3534 956 3589 Hal.
981 3535 1054 3588 1886.
1083 3565 1116 3574 -
1143 3514 1363 3603 Ehrismanufds

201 3630 350 3696 temporum
379 3629 407 3680 et
429 3625 566 3680 modorum
591 3641 642 3678 usu
666 3622 833 3691 Ammineo,
854 3623 917 3677 diss.
953 3623 1098 3694 Argentor.
1120 3625 1193 3679 1886.
1212 3655 1242 3668 ψ·
1263 3627 1361 3697 Reitcr,

201 3715 234 3772 de
262 3716 395 3770 Ammiani
426 3715 574 3770 Marcellini
600 3731 650 3767 usu
690 3714 819 3767 orationis
852 3713 983 3783 obliquae,
1011 3713 1075 3766 diss.
1113 3715 1214 3769 Virceb.
1235 3715 1308 3770 1881.
1330 3749 1361 3756 -

200 3804 373 3875 Lissenberg,
400 3804 442 3858 die
470 3803 584 3873 Spracha
611 3802 657 3857 des
678 3804 709 3856 A.
729 3803 908 3873 Marcellinus,
933 3820 1019 3873 progr.
1040 3820 1129 3872 gymn.
1166 3804 1361 3877 Blankenburg,

202 3895 276 3966 1888,
294 3896 336 3966 89,
354 3895 395 3950 90.

304 3983 325 4055 ²)
344 3985 390 4041 cir.
410 3984 440 4039 Ο.
452 3984 596 4050 Gueuther‚
615 3987 717 4054 quaest.
738 3983 913 4042 Ammianeae
933 3985 1049 4055 criticae,
1067 3983 1131 4039 diss.
1151 3984 1272 4056 Gotting.
1286 3985 1360 4040 1888.

200 4077 348 4146 p3aa

304 4166 326 4232 ⁸)
344 4166 407 4223 ibid.
428 4183 452 4236 p.
470 4167 494 4221 2.

304 4258 326 4328 ⁴)
344 4257 408 4311 ibid.
426 4274 452 4326 p.
470 4257 487 4310 2
505 4261 533 4312 et
550 4258 574 4311 3.

304 4349 325 4418 t’l
344 4348 389 4404 cfr.
408 4347 574 4418 Oesterberg,
593 4347 624 4404 de
638 4351 774 4405 structura
788 4347 926 4405 verborum
939 4365 998 4406 curn
1011 4364 1129 4420 praepos.
1144 4350 1359 4418 compositorum,

199 4455 268 4509 quac
286 4442 393 4494 exstant
409 4439 481 4508 apud
499 4438 529 4494 C.
539 4437 673 4493 Valerium
684 4439 811 4498 Flaccum
832 4441 859 4496 P.
878 4440 1018 4508 Papinium
1037 4439 1152 4494 Statium
1172 4439 1208 4495 M.
1227 4439 1359 4493 Valerium

198 4531 348 4588 Martialem
367 4529 555 4585 commentatio
573 4529 722 4584 academica
742 4531 837 4602 Upsal.
851 4529 915 4583 1883
925 4549 950 4600 p.
961 4533 976 4583 7
987 4531 1105 4585 adnotat.
1124 4531 1149 4599 4,
1168 4531 1211 4582 obi
1231 4545 1360 4584 commen-
