<?xml version="1.0" encoding="UTF-8"?>
<!DOCTYPE html PUBLIC "-//W3C//DTD XHTML 1.0 Transitional//EN"
    "http://www.w3.org/TR/xhtml1/DTD/xhtml1-transitional.dtd">
<html xmlns="http://www.w3.org/1999/xhtml" xml:lang="en" lang="en">
 <head>
  <title>
</title>
<meta http-equiv="Content-Type" content="text/html;charset=utf-8" />
  <meta name='ocr-system' content='tesseract 3.04.00' />
  <meta name='ocr-capabilities' content='ocr_page ocr_carea ocr_par ocr_line ocrx_word'/>
</head>
<body>
  <div class='ocr_page' id='page_1' title='image "./deverborumcumpr00naumgoog_0024.png"; bbox 0 0 3232 5026; ppageno 0'>
   <div class='ocr_carea' id='block_1_1' title="bbox 676 413 894 478">
    <p class='ocr_par' dir='ltr' id='par_1_1' title="bbox 676 413 894 478">
     <span class='ocr_line' id='line_1_1' title="bbox 676 413 894 478; baseline 0 -18"><span class='ocrx_word' id='word_1_1' title='bbox 676 413 894 478; x_wconf 67' lang='lat'>..19-</span> 
     </span>
    </p>
   </div>
   <div class='ocr_carea' id='block_1_2' title="bbox 247 579 1371 768">
    <p class='ocr_par' dir='ltr' id='par_1_2' title="bbox 247 579 1371 768">
     <span class='ocr_line' id='line_1_2' title="bbox 257 579 1371 670; baseline 0.009 -28"><span class='ocrx_word' id='word_1_2' title='bbox 257 579 389 660; x_wconf 83' lang='lat' dir='ltr'><strong>occurit,</strong></span> <span class='ocrx_word' id='word_1_3' title='bbox 413 580 502 647; x_wconf 80' lang='lat' dir='ltr'><strong>deest</strong></span> <span class='ocrx_word' id='word_1_4' title='bbox 523 601 598 648; x_wconf 87' lang='lat' dir='ltr'><strong>vero</strong></span> <span class='ocrx_word' id='word_1_5' title='bbox 621 584 791 650; x_wconf 80' lang='lat' dir='ltr'>elocutioni</span> <span class='ocrx_word' id='word_1_6' title='bbox 816 585 931 665; x_wconf 76' lang='lat' dir='ltr'><strong>Taciti,</strong></span> <span class='ocrx_word' id='word_1_7' title='bbox 956 585 1009 668; x_wconf 91' lang='lat' dir='ltr'><strong>qui</strong></span> <span class='ocrx_word' id='word_1_8' title='bbox 1033 585 1128 651; x_wconf 91' lang='lat' dir='ltr'><strong>semel</strong></span> <span class='ocrx_word' id='word_1_9' title='bbox 1152 607 1263 670; x_wconf 84' lang='lat' dir='ltr'>praep.</span> <span class='ocrx_word' id='word_1_10' title='bbox 1287 585 1371 668; x_wconf 77' lang='lat' dir='ltr'><strong>„ab“</strong></span> 
     </span>
     <span class='ocr_line' id='line_1_3' title="bbox 247 687 366 768; baseline 0.008 -16"><span class='ocrx_word' id='word_1_11' title='bbox 247 687 366 768; x_wconf 90' lang='lat' dir='ltr'><strong>posuit.</strong></span> 
     </span>
    </p>
   </div>
   <div class='ocr_carea' id='block_1_3' title="bbox 200 795 1371 1529">
    <p class='ocr_par' dir='ltr' id='par_1_3' title="bbox 200 795 1368 974">
     <span class='ocr_line' id='line_1_4' title="bbox 200 795 1368 884; baseline 0.009 -26"><span class='ocrx_word' id='word_1_12' title='bbox 200 797 361 862; x_wconf 88' lang='lat' dir='ltr'><strong>suscitare</strong></span> <span class='ocrx_word' id='word_1_13' title='bbox 393 795 523 862; x_wconf 92' lang='lat' dir='ltr'><strong>verbum</strong></span> <span class='ocrx_word' id='word_1_14' title='bbox 555 819 628 863; x_wconf 92' lang='lat' dir='ltr'><strong>cum</strong></span> <span class='ocrx_word' id='word_1_15' title='bbox 649 803 760 884; x_wconf 84' lang='lat' dir='ltr'><strong>praep.</strong></span> <span class='ocrx_word' id='word_1_16' title='bbox 791 800 874 882; x_wconf 77' lang='lat' dir='ltr'><strong>„ab‘</strong></span> <span class='ocrx_word' id='word_1_17' title='bbox 903 800 1072 866; x_wconf 87' lang='lat' dir='ltr'><strong>exhibetur</strong></span> <span class='ocrx_word' id='word_1_18' title='bbox 1097 805 1210 867; x_wconf 87' lang='lat' dir='ltr'>XHII.</span> <span class='ocrx_word' id='word_1_19' title='bbox 1242 806 1292 881; x_wconf 91' lang='lat'><strong>11,</strong></span> <span class='ocrx_word' id='word_1_20' title='bbox 1314 805 1368 871; x_wconf 85' lang='lat'><strong>26:</strong></span> 
     </span>
     <span class='ocr_line' id='line_1_5' title="bbox 254 904 696 974; baseline 0.009 -6"><span class='ocrx_word' id='word_1_21' title='bbox 254 905 357 970; x_wconf 90' lang='lat' dir='ltr'><strong>bonos</strong></span> <span class='ocrx_word' id='word_1_22' title='bbox 378 904 419 969; x_wconf 88' lang='lat' dir='ltr'><strong>ab</strong></span> <span class='ocrx_word' id='word_1_23' title='bbox 443 906 506 970; x_wconf 91' lang='lat' dir='ltr'><strong>imo</strong></span> <span class='ocrx_word' id='word_1_24' title='bbox 530 907 696 974; x_wconf 79' lang='lat' dir='ltr'><strong>suscitans,</strong></span> 
     </span>
    </p>

    <p class='ocr_par' dir='ltr' id='par_1_4' title="bbox 202 1010 1371 1529">
     <span class='ocr_line' id='line_1_6' title="bbox 202 1010 1361 1098; baseline 0.005 -22"><span class='ocrx_word' id='word_1_25' title='bbox 202 1010 401 1094; x_wconf 87' lang='lat' dir='ltr'><strong>suspendere</strong></span> <span class='ocrx_word' id='word_1_26' title='bbox 433 1012 566 1077; x_wconf 92' lang='lat' dir='ltr'><strong>verbum</strong></span> <span class='ocrx_word' id='word_1_27' title='bbox 599 1021 777 1097; x_wconf 91' lang='lat' dir='ltr'><strong>sequuntur</strong></span> <span class='ocrx_word' id='word_1_28' title='bbox 807 1014 1060 1098; x_wconf 85' lang='lat' dir='ltr'><strong>praepositiones</strong></span> <span class='ocrx_word' id='word_1_29' title='bbox 1093 1019 1124 1095; x_wconf 87' lang='lat' dir='ltr'><strong>a)</strong></span> <span class='ocrx_word' id='word_1_30' title='bbox 1150 1014 1234 1095; x_wconf 60' lang='lat' dir='ltr'><strong>„abr</strong></span> <span class='ocrx_word' id='word_1_31' title='bbox 1260 1020 1361 1084; x_wconf 92' lang='lat' dir='ltr'>XVII</span> 
     </span>
     <span class='ocr_line' id='line_1_7' title="bbox 247 1088 1370 1208; baseline 0.004 -25"><span class='ocrx_word' id='word_1_32' title='bbox 247 1122 298 1200; x_wconf 85' lang='lat'><strong>12,</strong></span> <span class='ocrx_word' id='word_1_33' title='bbox 324 1122 378 1185; x_wconf 84' lang='lat'><strong>16:</strong></span> <span class='ocrx_word' id='word_1_34' title='bbox 401 1141 521 1204; x_wconf 84' lang='lat' dir='ltr'><strong>regum,</strong></span> <span class='ocrx_word' id='word_1_35' title='bbox 551 1120 701 1204; x_wconf 88' lang='lat' dir='ltr'><strong>suspendi</strong></span> <span class='ocrx_word' id='word_1_36' title='bbox 727 1143 747 1185; x_wconf 90' lang='lat' dir='ltr'><strong>a</strong></span> <span class='ocrx_word' id='word_1_37' title='bbox 777 1122 893 1205; x_wconf 86' lang='lat' dir='ltr'><strong>iugulis</strong></span> <span class='ocrx_word' id='word_1_38' title='bbox 924 1120 1180 1189; x_wconf 80' lang='lat' dir='ltr'><strong>obsecrantium.</strong></span> <span class='ocrx_word' id='word_1_39' title='bbox 1228 1120 1264 1208; x_wconf 89' lang='lat' dir='ltr'><strong>b)</strong></span> <span class='ocrx_word' id='word_1_40' title='bbox 1288 1088 1370 1205; x_wconf 68' lang='lat' dir='ltr'><strong>„de‘3</strong></span> 
     </span>
     <span class='ocr_line' id='line_1_8' title="bbox 246 1227 1371 1315; baseline 0.004 -23"><span class='ocrx_word' id='word_1_41' title='bbox 246 1227 409 1305; x_wconf 77' lang='lat' dir='ltr'>XXVIII,</span> <span class='ocrx_word' id='word_1_42' title='bbox 433 1232 460 1309; x_wconf 86' lang='lat'><strong>1,</strong></span> <span class='ocrx_word' id='word_1_43' title='bbox 492 1230 550 1295; x_wconf 83' lang='lat'><strong>36:</strong></span> <span class='ocrx_word' id='word_1_44' title='bbox 579 1229 762 1294; x_wconf 84' lang='lat' dir='ltr'><strong>resticulam</strong></span> <span class='ocrx_word' id='word_1_45' title='bbox 798 1228 838 1294; x_wconf 91' lang='lat' dir='ltr'><strong>de</strong></span> <span class='ocrx_word' id='word_1_46' title='bbox 869 1230 1010 1296; x_wconf 85' lang='lat' dir='ltr'><strong>fenestra</strong></span> <span class='ocrx_word' id='word_1_47' title='bbox 1040 1233 1195 1315; x_wconf 89' lang='lat' dir='ltr'><strong>praetorii</strong></span> <span class='ocrx_word' id='word_1_48' title='bbox 1230 1231 1371 1314; x_wconf 91' lang='lat' dir='ltr'><strong>quadarn</strong></span> 
     </span>
     <span class='ocr_line' id='line_1_9' title="bbox 246 1339 1368 1422; baseline 0.005 -23"><span class='ocrx_word' id='word_1_49' title='bbox 246 1341 372 1401; x_wconf 89' lang='lat' dir='ltr'><strong>remota</strong></span> <span class='ocrx_word' id='word_1_50' title='bbox 395 1374 434 1384; x_wconf 92' lang='lat'>—</span> <span class='ocrx_word' id='word_1_51' title='bbox 458 1357 659 1421; x_wconf 90' lang='lat' dir='ltr'><strong>suspensam;</strong></span> <span class='ocrx_word' id='word_1_52' title='bbox 680 1340 709 1418; x_wconf 82' lang='lat'><strong>5,</strong></span> <span class='ocrx_word' id='word_1_53' title='bbox 732 1341 787 1404; x_wconf 80' lang='lat'><strong>54:</strong></span> <span class='ocrx_word' id='word_1_54' title='bbox 808 1345 1034 1422; x_wconf 90' lang='lat' dir='ltr'><strong>repertumque</strong></span> <span class='ocrx_word' id='word_1_55' title='bbox 1057 1339 1232 1405; x_wconf 91' lang='lat' dir='ltr'><strong>funiculum</strong></span> <span class='ocrx_word' id='word_1_56' title='bbox 1257 1377 1296 1391; x_wconf 92' lang='lat'>-</span> <span class='ocrx_word' id='word_1_57' title='bbox 1329 1341 1368 1406; x_wconf 90' lang='lat' dir='ltr'><strong>de</strong></span> 
     </span>
     <span class='ocr_line' id='line_1_10' title="bbox 246 1435 1198 1529; baseline 0.002 -21"><span class='ocrx_word' id='word_1_58' title='bbox 246 1444 339 1509; x_wconf 93' lang='lat' dir='ltr'><strong>clavo</strong></span> <span class='ocrx_word' id='word_1_59' title='bbox 360 1445 474 1528; x_wconf 91' lang='lat' dir='ltr'><strong>parieti</strong></span> <span class='ocrx_word' id='word_1_60' title='bbox 497 1444 603 1510; x_wconf 83' lang='lat' dir='ltr'><strong>adfixo</strong></span> <span class='ocrx_word' id='word_1_61' title='bbox 627 1445 800 1529; x_wconf 84' lang='lat' dir='ltr'><strong>suspendit.</strong></span> <span class='ocrx_word' id='word_1_62' title='bbox 1196 1435 1198 1441; x_wconf 59' lang='grc'><em>’</em></span> 
     </span>
    </p>
   </div>
   <div class='ocr_carea' id='block_1_4' title="bbox 197 1571 1455 4465">
    <p class='ocr_par' dir='ltr' id='par_1_5' title="bbox 411 1571 1159 1664">
     <span class='ocr_line' id='line_1_11' title="bbox 411 1571 1159 1664; baseline 0.003 -27"><span class='ocrx_word' id='word_1_63' title='bbox 411 1575 443 1653; x_wconf 92' lang='grc'><strong>6)</strong></span> <span class='ocrx_word' id='word_1_64' title='bbox 467 1571 564 1638; x_wconf 76' lang='lat' dir='ltr'><strong>verbu</strong></span> <span class='ocrx_word' id='word_1_65' title='bbox 586 1594 660 1637; x_wconf 84' lang='lat' dir='ltr'><strong>cum</strong></span> <span class='ocrx_word' id='word_1_66' title='bbox 676 1579 792 1658; x_wconf 76' lang='lat' dir='ltr'><strong>praep.</strong></span> <span class='ocrx_word' id='word_1_67' title='bbox 816 1578 955 1658; x_wconf 60' lang='lat' dir='ltr'><strong>„super‘</strong></span> <span class='ocrx_word' id='word_1_68' title='bbox 976 1573 1159 1664; x_wconf 70' lang='lat' dir='ltr'><strong>compostis.</strong></span> 
     </span>
    </p>

    <p class='ocr_par' dir='ltr' id='par_1_6' title="bbox 197 1678 1455 4465">
     <span class='ocr_line' id='line_1_12' title="bbox 197 1678 1370 1765; baseline 0 -21"><span class='ocrx_word' id='word_1_69' title='bbox 197 1684 387 1763; x_wconf 88' lang='lat' dir='ltr'><strong>superstare</strong></span> <span class='ocrx_word' id='word_1_70' title='bbox 419 1680 550 1745; x_wconf 92' lang='lat' dir='ltr'><strong>verbum</strong></span> <span class='ocrx_word' id='word_1_71' title='bbox 583 1702 688 1746; x_wconf 91' lang='lat' dir='ltr'><strong>secum</strong></span> <span class='ocrx_word' id='word_1_72' title='bbox 719 1678 816 1746; x_wconf 91' lang='lat' dir='ltr'><strong>habet</strong></span> <span class='ocrx_word' id='word_1_73' title='bbox 850 1684 883 1765; x_wconf 85' lang='lat'><strong>1)</strong></span> <span class='ocrx_word' id='word_1_74' title='bbox 912 1701 1022 1764; x_wconf 89' lang='lat' dir='ltr'><strong>praep.</strong></span> <span class='ocrx_word' id='word_1_75' title='bbox 1051 1686 1132 1762; x_wconf 81' lang='lat' dir='ltr'><strong>‚‚ex“</strong></span> <span class='ocrx_word' id='word_1_76' title='bbox 1159 1685 1237 1752; x_wconf 80' lang='lat' dir='ltr'><strong>XX,</strong></span> <span class='ocrx_word' id='word_1_77' title='bbox 1268 1681 1298 1760; x_wconf 90' lang='grc'><strong>9,</strong></span> <span class='ocrx_word' id='word_1_78' title='bbox 1332 1683 1370 1744; x_wconf 92' lang='lat'><strong>6:</strong></span> 
     </span>
     <span class='ocr_line' id='line_1_13' title="bbox 245 1787 1372 1873; baseline 0 -22"><span class='ocrx_word' id='word_1_79' title='bbox 245 1788 382 1873; x_wconf 84' lang='lat' dir='ltr'><strong>principi</strong></span> <span class='ocrx_word' id='word_1_80' title='bbox 405 1828 444 1838; x_wconf 92' lang='lat'>—</span> <span class='ocrx_word' id='word_1_81' title='bbox 468 1811 485 1854; x_wconf 93' lang='lat' dir='ltr'><strong>e</strong></span> <span class='ocrx_word' id='word_1_82' title='bbox 507 1788 669 1871; x_wconf 86' lang='lat' dir='ltr'><strong>tribunali,</strong></span> <span class='ocrx_word' id='word_1_83' title='bbox 682 1795 719 1854; x_wconf 91' lang='lat' dir='ltr'><strong>ut</strong></span> <span class='ocrx_word' id='word_1_84' title='bbox 733 1789 886 1855; x_wconf 86' lang='lat' dir='ltr'><strong>emineret</strong></span> <span class='ocrx_word' id='word_1_85' title='bbox 902 1789 1007 1870; x_wconf 74' lang='lat' dir='ltr'><strong>altius,</strong></span> <span class='ocrx_word' id='word_1_86' title='bbox 1025 1790 1233 1872; x_wconf 67' lang='lat' dir='ltr'><strong>superstant,</strong></span> <span class='ocrx_word' id='word_1_87' title='bbox 1251 1787 1372 1870; x_wconf 89' lang='lat' dir='ltr'><strong>scripta</strong></span> 
     </span>
     <span class='ocr_line' id='line_1_14' title="bbox 245 1896 1373 1980; baseline -0.002 -20"><span class='ocrx_word' id='word_1_88' title='bbox 245 1897 374 1962; x_wconf 88' lang='lat' dir='ltr'><strong>iubetur</strong></span> <span class='ocrx_word' id='word_1_89' title='bbox 395 1896 501 1962; x_wconf 86' lang='lat' dir='ltr'><strong>offere.</strong></span> <span class='ocrx_word' id='word_1_90' title='bbox 548 1897 614 1962; x_wconf 89' lang='lat' dir='ltr'><strong>Pro</strong></span> <span class='ocrx_word' id='word_1_91' title='bbox 631 1897 775 1962; x_wconf 88' lang='lat' dir='ltr'><strong>codicum</strong></span> <span class='ocrx_word' id='word_1_92' title='bbox 792 1897 952 1980; x_wconf 89' lang='lat' dir='ltr'><strong>scriptura</strong></span> <span class='ocrx_word' id='word_1_93' title='bbox 968 1903 1036 1978; x_wconf 82' lang='lat' dir='ltr'><strong>‚,e‘·&#39;,</strong></span> <span class='ocrx_word' id='word_1_94' title='bbox 1054 1917 1153 1980; x_wconf 91' lang='lat' dir='ltr'><strong>quam</strong></span> <span class='ocrx_word' id='word_1_95' title='bbox 1169 1898 1373 1961; x_wconf 87' lang='lat' dir='ltr'><strong>retinuerunt</strong></span> 
     </span>
     <span class='ocr_line' id='line_1_15' title="bbox 246 2003 1372 2088; baseline -0.005 -16"><span class='ocrx_word' id='word_1_96' title='bbox 246 2008 429 2088; x_wconf 87' lang='lat' dir='ltr'><strong>Wagnerus</strong></span> <span class='ocrx_word' id='word_1_97' title='bbox 460 2013 492 2071; x_wconf 90' lang='lat' dir='ltr'><strong>et</strong></span> <span class='ocrx_word' id='word_1_98' title='bbox 525 2003 803 2086; x_wconf 79' lang='lat' dir='ltr'><strong>Gardthausenus,</strong></span> <span class='ocrx_word' id='word_1_99' title='bbox 840 2005 872 2069; x_wconf 92' lang='lat' dir='ltr'><strong>in</strong></span> <span class='ocrx_word' id='word_1_100' title='bbox 909 2011 1032 2070; x_wconf 84' lang='lat' dir='ltr'><strong>textum</strong></span> <span class='ocrx_word' id='word_1_101' title='bbox 1067 2005 1201 2070; x_wconf 89' lang='lat' dir='ltr'><strong>inseruit</strong></span> <span class='ocrx_word' id='word_1_102' title='bbox 1235 2003 1372 2087; x_wconf 78' lang='lat' dir='ltr'><strong>Eyssen-</strong></span> 
     </span>
     <span class='ocr_line' id='line_1_16' title="bbox 246 2110 1373 2198; baseline -0.001 -22"><span class='ocrx_word' id='word_1_103' title='bbox 246 2112 393 2178; x_wconf 91' lang='lat' dir='ltr'><strong>hardtius</strong></span> <span class='ocrx_word' id='word_1_104' title='bbox 413 2114 560 2198; x_wconf 92' lang='lat' dir='ltr'><strong>copulam</strong></span> <span class='ocrx_word' id='word_1_105' title='bbox 582 2119 667 2195; x_wconf 82' lang='lat' dir='ltr'><strong>„et“‚</strong></span> <span class='ocrx_word' id='word_1_106' title='bbox 691 2134 774 2197; x_wconf 91' lang='lat' dir='ltr'><strong>quae</strong></span> <span class='ocrx_word' id='word_1_107' title='bbox 805 2120 853 2178; x_wconf 90' lang='lat' dir='ltr'><strong>est</strong></span> <span class='ocrx_word' id='word_1_108' title='bbox 882 2113 915 2178; x_wconf 91' lang='lat' dir='ltr'><strong>in</strong></span> <span class='ocrx_word' id='word_1_109' title='bbox 949 2114 1142 2180; x_wconf 91' lang='lat' dir='ltr'><strong>editionibus</strong></span> <span class='ocrx_word' id='word_1_110' title='bbox 1178 2110 1373 2197; x_wconf 87' lang='lat' dir='ltr'><strong>quibusdam</strong></span> 
     </span>
     <span class='ocr_line' id='line_1_17' title="bbox 245 2220 1373 2306; baseline -0.001 -21"><span class='ocrx_word' id='word_1_111' title='bbox 245 2221 367 2305; x_wconf 86' lang='lat' dir='ltr'><strong>priscis.</strong></span> <span class='ocrx_word' id='word_1_112' title='bbox 412 2221 617 2306; x_wconf 78' lang='lat' dir='ltr'><strong>Quamquam</strong></span> <span class='ocrx_word' id='word_1_113' title='bbox 632 2226 827 2287; x_wconf 87' lang='lat' dir='ltr'><strong>structuram</strong></span> <span class='ocrx_word' id='word_1_114' title='bbox 851 2222 940 2298; x_wconf 88' lang='lat' dir='ltr'><strong>verbi</strong></span> <span class='ocrx_word' id='word_1_115' title='bbox 964 2226 1195 2306; x_wconf 80' lang='lat' dir='ltr'><strong>„superstare“</strong></span> <span class='ocrx_word' id='word_1_116' title='bbox 1223 2243 1295 2286; x_wconf 89' lang='lat' dir='ltr'><strong>cum</strong></span> <span class='ocrx_word' id='word_1_117' title='bbox 1317 2220 1373 2284; x_wconf 89' lang='lat' dir='ltr'><strong>da·</strong></span> 
     </span>
     <span class='ocr_line' id='line_1_18' title="bbox 247 2329 1372 2415; baseline -0.002 -22"><span class='ocrx_word' id='word_1_118' title='bbox 247 2330 314 2395; x_wconf 89' lang='lat' dir='ltr'><strong>tivo</strong></span> <span class='ocrx_word' id='word_1_119' title='bbox 344 2330 448 2395; x_wconf 91' lang='lat' dir='ltr'><strong>locum</strong></span> <span class='ocrx_word' id='word_1_120' title='bbox 487 2329 686 2415; x_wconf 84' lang='lat' dir='ltr'><strong>significante</strong></span> <span class='ocrx_word' id='word_1_121' title='bbox 717 2351 786 2396; x_wconf 89' lang='lat' dir='ltr'><strong>esse</strong></span> <span class='ocrx_word' id='word_1_122' title='bbox 807 2330 1006 2395; x_wconf 87' lang='lat' dir='ltr'><strong>usitatiorem</strong></span> <span class='ocrx_word' id='word_1_123' title='bbox 1045 2329 1285 2396; x_wconf 85' lang='lat' dir='ltr'><strong>concedendum</strong></span> <span class='ocrx_word' id='word_1_124' title='bbox 1315 2333 1372 2406; x_wconf 86' lang='lat' dir='ltr'><strong>est,</strong></span> 
     </span>
     <span class='ocr_line' id='line_1_19' title="bbox 247 2435 1374 2520; baseline -0.004 -19"><span class='ocrx_word' id='word_1_125' title='bbox 247 2443 357 2502; x_wconf 92' lang='lat' dir='ltr'><strong>tamen</strong></span> <span class='ocrx_word' id='word_1_126' title='bbox 381 2438 483 2503; x_wconf 91' lang='lat' dir='ltr'><strong>altera</strong></span> <span class='ocrx_word' id='word_1_127' title='bbox 505 2438 709 2519; x_wconf 84' lang='lat' dir='ltr'><strong>constructio,</strong></span> <span class='ocrx_word' id='word_1_128' title='bbox 734 2459 832 2520; x_wconf 86' lang='lat' dir='ltr'><strong>quam</strong></span> <span class='ocrx_word' id='word_1_129' title='bbox 857 2437 983 2503; x_wconf 90' lang='lat' dir='ltr'><strong>codices</strong></span> <span class='ocrx_word' id='word_1_130' title='bbox 1015 2437 1176 2518; x_wconf 78' lang='lat' dir='ltr'><strong>exhibent,</strong></span> <span class='ocrx_word' id='word_1_131' title='bbox 1200 2435 1330 2501; x_wconf 87' lang='lat' dir='ltr'><strong>nonita</strong></span> <span class='ocrx_word' id='word_1_132' title='bbox 1354 2453 1374 2497; x_wconf 90' lang='lat' dir='ltr'><strong>a</strong></span> 
     </span>
     <span class='ocr_line' id='line_1_20' title="bbox 249 2545 1374 2629; baseline -0.003 -21"><span class='ocrx_word' id='word_1_133' title='bbox 249 2566 284 2609; x_wconf 91' lang='lat' dir='ltr'><strong>re</strong></span> <span class='ocrx_word' id='word_1_134' title='bbox 306 2547 518 2629; x_wconf 85' lang='lat' dir='ltr'><strong>grammatica</strong></span> <span class='ocrx_word' id='word_1_135' title='bbox 537 2545 712 2612; x_wconf 89' lang='lat' dir='ltr'><strong>abhorrere</strong></span> <span class='ocrx_word' id='word_1_136' title='bbox 724 2545 859 2626; x_wconf 86' lang='lat' dir='ltr'><strong>videtur,</strong></span> <span class='ocrx_word' id='word_1_137' title='bbox 876 2552 913 2611; x_wconf 93' lang='lat' dir='ltr'><strong>ut</strong></span> <span class='ocrx_word' id='word_1_138' title='bbox 927 2545 1090 2612; x_wconf 88' lang='lat' dir='ltr'><strong>reicienda</strong></span> <span class='ocrx_word' id='word_1_139' title='bbox 1110 2546 1160 2626; x_wconf 83' lang='lat' dir='ltr'><strong>sit,</strong></span> <span class='ocrx_word' id='word_1_140' title='bbox 1177 2562 1374 2628; x_wconf 86' lang='lat' dir='ltr'><strong>quamquam</strong></span> 
     </span>
     <span class='ocr_line' id='line_1_21' title="bbox 251 2649 1375 2736; baseline -0.005 -20"><span class='ocrx_word' id='word_1_141' title='bbox 251 2653 429 2736; x_wconf 84' lang='lat' dir='ltr'><strong>exemplum</strong></span> <span class='ocrx_word' id='word_1_142' title='bbox 451 2652 544 2718; x_wconf 86' lang='lat' dir='ltr'><strong>buius</strong></span> <span class='ocrx_word' id='word_1_143' title='bbox 566 2674 641 2718; x_wconf 92' lang='lat' dir='ltr'><strong>usus</strong></span> <span class='ocrx_word' id='word_1_144' title='bbox 671 2652 748 2717; x_wconf 90' lang='lat' dir='ltr'><strong>mibi</strong></span> <span class='ocrx_word' id='word_1_145' title='bbox 770 2674 832 2717; x_wconf 91' lang='lat' dir='ltr'><strong>non</strong></span> <span class='ocrx_word' id='word_1_146' title='bbox 853 2659 983 2735; x_wconf 89' lang='lat' dir='ltr'><strong>praesto</strong></span> <span class='ocrx_word' id='word_1_147' title='bbox 1006 2658 1062 2717; x_wconf 88' lang='lat' dir='ltr'><strong>est.</strong></span> <span class='ocrx_word' id='word_1_148' title='bbox 1106 2649 1182 2716; x_wconf 92' lang='lat' dir='ltr'><strong>Duo</strong></span> <span class='ocrx_word' id='word_1_149' title='bbox 1205 2669 1280 2715; x_wconf 89' lang='lat' dir='ltr'><strong>vero</strong></span> <span class='ocrx_word' id='word_1_150' title='bbox 1302 2668 1375 2730; x_wconf 90' lang='lat' dir='ltr'><strong>par·</strong></span> 
     </span>
     <span class='ocr_line' id='line_1_22' title="bbox 249 2756 1376 2846; baseline -0.006 -21"><span class='ocrx_word' id='word_1_151' title='bbox 249 2761 359 2845; x_wconf 89' lang='lat' dir='ltr'><strong>ticipia</strong></span> <span class='ocrx_word' id='word_1_152' title='bbox 390 2762 479 2827; x_wconf 88' lang='lat' dir='ltr'><strong>iuxta</strong></span> <span class='ocrx_word' id='word_1_153' title='bbox 508 2762 614 2846; x_wconf 86' lang='lat' dir='ltr'><strong>posita</strong></span> <span class='ocrx_word' id='word_1_154' title='bbox 645 2761 760 2845; x_wconf 87' lang='lat' dir='ltr'><strong>copula</strong></span> <span class='ocrx_word' id='word_1_155' title='bbox 793 2766 865 2842; x_wconf 79' lang='lat' dir='ltr'><strong>„et“</strong></span> <span class='ocrx_word' id='word_1_156' title='bbox 902 2761 1019 2825; x_wconf 91' lang='lat' dir='ltr'><strong>omissa</strong></span> <span class='ocrx_word' id='word_1_157' title='bbox 1054 2758 1141 2844; x_wconf 91' lang='lat' dir='ltr'><strong>apud</strong></span> <span class='ocrx_word' id='word_1_158' title='bbox 1169 2756 1376 2824; x_wconf 86' lang='lat' dir='ltr'><strong>Ammianum</strong></span> 
     </span>
     <span class='ocr_line' id='line_1_23' title="bbox 252 2864 1377 2950; baseline -0.007 -18"><span class='ocrx_word' id='word_1_159' title='bbox 252 2867 330 2934; x_wconf 91' lang='lat' dir='ltr'><strong>nihil</strong></span> <span class='ocrx_word' id='word_1_160' title='bbox 351 2869 472 2934; x_wconf 90' lang='lat' dir='ltr'><strong>habent</strong></span> <span class='ocrx_word' id='word_1_161' title='bbox 494 2868 685 2935; x_wconf 85' lang='lat' dir='ltr'><strong>offensionis.</strong></span> <span class='ocrx_word' id='word_1_162' title='bbox 744 2873 776 2950; x_wconf 85' lang='lat'><strong>2)</strong></span> <span class='ocrx_word' id='word_1_163' title='bbox 799 2869 941 2934; x_wconf 90' lang='lat' dir='ltr'><strong>dativum</strong></span> <span class='ocrx_word' id='word_1_164' title='bbox 972 2867 1048 2934; x_wconf 89' lang='lat' dir='ltr'><strong>inde</strong></span> <span class='ocrx_word' id='word_1_165' title='bbox 1074 2890 1095 2932; x_wconf 90' lang='lat' dir='ltr'><strong>a</strong></span> <span class='ocrx_word' id='word_1_166' title='bbox 1124 2865 1218 2931; x_wconf 91' lang='lat' dir='ltr'><strong>Livio</strong></span> <span class='ocrx_word' id='word_1_167' title='bbox 1248 2864 1377 2930; x_wconf 90' lang='lat' dir='ltr'><strong>demum</strong></span> 
     </span>
     <span class='ocr_line' id='line_1_24' title="bbox 250 2971 1378 3062; baseline -0.008 -21"><span class='ocrx_word' id='word_1_168' title='bbox 250 2977 347 3043; x_wconf 92' lang='lat' dir='ltr'><strong>verbo</strong></span> <span class='ocrx_word' id='word_1_169' title='bbox 365 2977 511 3043; x_wconf 90' lang='lat' dir='ltr'><strong>additum</strong></span> <span class='ocrx_word' id='word_1_170' title='bbox 526 2977 595 3062; x_wconf 86' lang='lat' dir='ltr'><strong>(cfr.</strong></span> <span class='ocrx_word' id='word_1_171' title='bbox 615 2976 788 3042; x_wconf 88' lang='lat' dir='ltr'><strong>Kuehnast</strong></span> <span class='ocrx_word' id='word_1_172' title='bbox 803 2998 834 3059; x_wconf 89' lang='lat' dir='ltr'><strong>p.</strong></span> <span class='ocrx_word' id='word_1_173' title='bbox 862 2979 935 3056; x_wconf 81' lang='lat'>137)</span> <span class='ocrx_word' id='word_1_174' title='bbox 960 2982 992 3042; x_wconf 90' lang='lat' dir='ltr'><strong>et</strong></span> <span class='ocrx_word' id='word_1_175' title='bbox 1009 2979 1106 3044; x_wconf 89' lang='lat' dir='ltr'><strong>etiam</strong></span> <span class='ocrx_word' id='word_1_176' title='bbox 1125 2974 1213 3061; x_wconf 91' lang='lat' dir='ltr'><strong>apud</strong></span> <span class='ocrx_word' id='word_1_177' title='bbox 1227 2971 1378 3038; x_wconf 75' lang='lat' dir='ltr'><strong>Tacitum</strong></span> 
     </span>
     <span class='ocr_line' id='line_1_25' title="bbox 251 3077 1380 3168; baseline -0.01 -18"><span class='ocrx_word' id='word_1_178' title='bbox 251 3091 471 3150; x_wconf 90' lang='lat' dir='ltr'><strong>occurrentem</strong></span> <span class='ocrx_word' id='word_1_179' title='bbox 494 3090 570 3166; x_wconf 88' lang='lat' dir='ltr'><strong>XX,</strong></span> <span class='ocrx_word' id='word_1_180' title='bbox 595 3088 624 3166; x_wconf 88' lang='grc'><strong>6,</strong></span> <span class='ocrx_word' id='word_1_181' title='bbox 648 3089 683 3149; x_wconf 81' lang='lat'><strong>4:</strong></span> <span class='ocrx_word' id='word_1_182' title='bbox 706 3083 858 3168; x_wconf 89' lang='lat' dir='ltr'><strong>oppidani</strong></span> <span class='ocrx_word' id='word_1_183' title='bbox 881 3089 1101 3168; x_wconf 85' lang='lat' dir='ltr'><strong>superstantes</strong></span> <span class='ocrx_word' id='word_1_184' title='bbox 1128 3077 1380 3167; x_wconf 85' lang='lat' dir='ltr'><strong>propugnaculis</strong></span> 
     </span>
     <span class='ocr_line' id='line_1_26' title="bbox 250 3187 1380 3277; baseline -0.007 -21"><span class='ocrx_word' id='word_1_185' title='bbox 250 3191 351 3258; x_wconf 77' lang='lat' dir='ltr'><strong>celsis,</strong></span> <span class='ocrx_word' id='word_1_186' title='bbox 395 3195 431 3277; x_wconf 83' lang='lat'><strong>3)</strong></span> <span class='ocrx_word' id='word_1_187' title='bbox 454 3193 669 3256; x_wconf 87' lang='lat' dir='ltr'><strong>accusativum</strong></span> <span class='ocrx_word' id='word_1_188' title='bbox 691 3191 988 3274; x_wconf 78' lang='lat' dir='ltr'><strong>tralata-superare,</strong></span> <span class='ocrx_word' id='word_1_189' title='bbox 1027 3213 1090 3277; x_wconf 90' lang='lat' dir='ltr'><strong>quo</strong></span> <span class='ocrx_word' id='word_1_190' title='bbox 1124 3211 1220 3256; x_wconf 89' lang='lat' dir='ltr'><strong>sensu</strong></span> <span class='ocrx_word' id='word_1_191' title='bbox 1245 3187 1380 3254; x_wconf 90' lang='lat' dir='ltr'><strong>verbum</strong></span> 
     </span>
     <span class='ocr_line' id='line_1_27' title="bbox 250 3297 1381 3380; baseline -0.007 -16"><span class='ocrx_word' id='word_1_192' title='bbox 250 3307 347 3365; x_wconf 89' lang='lat' dir='ltr'><strong>antea</strong></span> <span class='ocrx_word' id='word_1_193' title='bbox 377 3322 439 3365; x_wconf 89' lang='lat' dir='ltr'><strong>non</strong></span> <span class='ocrx_word' id='word_1_194' title='bbox 472 3299 600 3365; x_wconf 88' lang='lat' dir='ltr'><strong>obvenit</strong></span> <span class='ocrx_word' id='word_1_195' title='bbox 629 3303 738 3380; x_wconf 78' lang='lat' dir='ltr'>XXV,</span> <span class='ocrx_word' id='word_1_196' title='bbox 771 3305 801 3380; x_wconf 89' lang='grc'><strong>4,</strong></span> <span class='ocrx_word' id='word_1_197' title='bbox 833 3305 885 3370; x_wconf 76' lang='lat'><strong>14:</strong></span> <span class='ocrx_word' id='word_1_198' title='bbox 921 3300 1076 3366; x_wconf 72' lang='lat' dir='ltr'><strong>Felicitas</strong></span> <span class='ocrx_word' id='word_1_199' title='bbox 1106 3300 1154 3364; x_wconf 90' lang='lat' dir='ltr'><strong>ita</strong></span> <span class='ocrx_word' id='word_1_200' title='bbox 1180 3297 1318 3364; x_wconf 87' lang='lat' dir='ltr'><strong>eminuit</strong></span> <span class='ocrx_word' id='word_1_201' title='bbox 1345 3299 1381 3357; x_wconf 93' lang='lat' dir='ltr'><strong>ut</strong></span> 
     </span>
     <span class='ocr_line' id='line_1_28' title="bbox 252 3404 1381 3494; baseline -0.008 -21"><span class='ocrx_word' id='word_1_202' title='bbox 252 3446 291 3458; x_wconf 94' lang='lat'><em>-</em></span> <span class='ocrx_word' id='word_1_203' title='bbox 316 3409 492 3474; x_wconf 85' lang='lat' dir='ltr'><strong>victoriosis</strong></span> <span class='ocrx_word' id='word_1_204' title='bbox 514 3407 659 3473; x_wconf 89' lang='lat' dir='ltr'><strong>cursibus</strong></span> <span class='ocrx_word' id='word_1_205' title='bbox 680 3407 884 3473; x_wconf 88' lang='lat' dir='ltr'><strong>difficultates</strong></span> <span class='ocrx_word' id='word_1_206' title='bbox 904 3413 1108 3494; x_wconf 87' lang='lat' dir='ltr'><strong>superstaret</strong></span> <span class='ocrx_word' id='word_1_207' title='bbox 1129 3407 1301 3471; x_wconf 89' lang='lat' dir='ltr'><strong>inmensas.</strong></span> <span class='ocrx_word' id='word_1_208' title='bbox 1343 3404 1381 3465; x_wconf 91' lang='lat' dir='ltr'><strong>In</strong></span> 
     </span>
     <span class='ocr_line' id='line_1_29' title="bbox 252 3515 1380 3602; baseline -0.005 -22"><span class='ocrx_word' id='word_1_209' title='bbox 252 3515 415 3582; x_wconf 89' lang='lat' dir='ltr'><strong>codicibus</strong></span> <span class='ocrx_word' id='word_1_210' title='bbox 451 3516 604 3583; x_wconf 90' lang='lat' dir='ltr'><strong>traditum</strong></span> <span class='ocrx_word' id='word_1_211' title='bbox 635 3523 683 3582; x_wconf 92' lang='lat' dir='ltr'><strong>est</strong></span> <span class='ocrx_word' id='word_1_212' title='bbox 718 3523 953 3602; x_wconf 76' lang='lat' dir='ltr'><strong>„supestaret·&#39;·&#39;‚</strong></span> <span class='ocrx_word' id='word_1_213' title='bbox 985 3516 1077 3600; x_wconf 90' lang='lat' dir='ltr'><strong>quod</strong></span> <span class='ocrx_word' id='word_1_214' title='bbox 1106 3519 1293 3597; x_wconf 90' lang='lat' dir='ltr'><strong>corruptum</strong></span> <span class='ocrx_word' id='word_1_215' title='bbox 1323 3517 1380 3575; x_wconf 90' lang='lat' dir='ltr'><strong>est.</strong></span> 
     </span>
     <span class='ocr_line' id='line_1_30' title="bbox 252 3619 1379 3710; baseline -0.008 -18"><span class='ocrx_word' id='word_1_216' title='bbox 252 3625 358 3710; x_wconf 86' lang='lat' dir='ltr'><strong>Vulgo</strong></span> <span class='ocrx_word' id='word_1_217' title='bbox 372 3624 459 3691; x_wconf 84' lang='lat' dir='ltr'><strong>facili</strong></span> <span class='ocrx_word' id='word_1_218' title='bbox 473 3625 650 3690; x_wconf 86' lang='lat' dir='ltr'><strong>mutatione</strong></span> <span class='ocrx_word' id='word_1_219' title='bbox 665 3625 782 3708; x_wconf 86' lang='lat' dir='ltr'><strong>legitur</strong></span> <span class='ocrx_word' id='word_1_220' title='bbox 799 3630 1043 3708; x_wconf 73' lang='lat' dir='ltr'><strong>„superstaret‘</strong></span> <span class='ocrx_word' id='word_1_221' title='bbox 1064 3621 1106 3687; x_wconf 89' lang='lat' dir='ltr'><strong>ab</strong></span> <span class='ocrx_word' id='word_1_222' title='bbox 1122 3619 1379 3707; x_wconf 82' lang='lat' dir='ltr'><strong>Eyssenhardtio</strong></span> 
     </span>
     <span class='ocr_line' id='line_1_31' title="bbox 253 3730 1377 3816; baseline -0.004 -18"><span class='ocrx_word' id='word_1_223' title='bbox 253 3739 285 3798; x_wconf 91' lang='lat' dir='ltr'><strong>et</strong></span> <span class='ocrx_word' id='word_1_224' title='bbox 307 3731 559 3800; x_wconf 86' lang='lat' dir='ltr'><strong>Gardthauseno</strong></span> <span class='ocrx_word' id='word_1_225' title='bbox 582 3739 753 3814; x_wconf 86' lang='lat' dir='ltr'><strong>servatum,</strong></span> <span class='ocrx_word' id='word_1_226' title='bbox 786 3732 882 3816; x_wconf 87' lang='lat' dir='ltr'><strong>idque</strong></span> <span class='ocrx_word' id='word_1_227' title='bbox 904 3740 1001 3814; x_wconf 80' lang='lat' dir='ltr'><strong>recte,</strong></span> <span class='ocrx_word' id='word_1_228' title='bbox 1026 3738 1063 3796; x_wconf 92' lang='lat' dir='ltr'><strong>ut</strong></span> <span class='ocrx_word' id='word_1_229' title='bbox 1084 3731 1161 3796; x_wconf 91' lang='lat' dir='ltr'><strong>mihi</strong></span> <span class='ocrx_word' id='word_1_230' title='bbox 1181 3731 1313 3815; x_wconf 92' lang='lat' dir='ltr'><strong>quidem</strong></span> <span class='ocrx_word' id='word_1_231' title='bbox 1330 3730 1377 3797; x_wconf 70' lang='lat' dir='ltr'><strong>¹vi-</strong></span> 
     </span>
     <span class='ocr_line' id='line_1_32' title="bbox 253 3837 1376 3923; baseline -0.004 -17"><span class='ocrx_word' id='word_1_232' title='bbox 253 3841 355 3907; x_wconf 90' lang='lat' dir='ltr'><strong>detur.</strong></span> <span class='ocrx_word' id='word_1_233' title='bbox 409 3841 546 3906; x_wconf 76' lang='lat' dir='ltr'><strong>Etiamsi</strong></span> <span class='ocrx_word' id='word_1_234' title='bbox 578 3839 710 3904; x_wconf 91' lang='lat' dir='ltr'><strong>verbum</strong></span> <span class='ocrx_word' id='word_1_235' title='bbox 737 3841 798 3906; x_wconf 92' lang='lat' dir='ltr'><strong>hoc</strong></span> <span class='ocrx_word' id='word_1_236' title='bbox 831 3840 1031 3905; x_wconf 88' lang='lat' dir='ltr'><strong>translaticio</strong></span> <span class='ocrx_word' id='word_1_237' title='bbox 1066 3859 1157 3903; x_wconf 88' lang='lat' dir='ltr'><strong>sensu</strong></span> <span class='ocrx_word' id='word_1_238' title='bbox 1193 3837 1376 3923; x_wconf 88' lang='lat' dir='ltr'><strong>praeditum</strong></span> 
     </span>
     <span class='ocr_line' id='line_1_33' title="bbox 252 3945 1455 4033; baseline -0.005 -19"><span class='ocrx_word' id='word_1_239' title='bbox 252 3970 409 4033; x_wconf 89' lang='lat' dir='ltr'><strong>nusquam</strong></span> <span class='ocrx_word' id='word_1_240' title='bbox 440 3950 502 4014; x_wconf 92' lang='lat' dir='ltr'><strong>alio</strong></span> <span class='ocrx_word' id='word_1_241' title='bbox 536 3949 605 4013; x_wconf 90' lang='lat' dir='ltr'><strong>loco</strong></span> <span class='ocrx_word' id='word_1_242' title='bbox 643 3949 808 4013; x_wconf 89' lang='lat' dir='ltr'><strong>transitive</strong></span> <span class='ocrx_word' id='word_1_243' title='bbox 838 3949 953 4027; x_wconf 76' lang='lat' dir='ltr'><strong>inveni,</strong></span> <span class='ocrx_word' id='word_1_244' title='bbox 986 3954 1094 4016; x_wconf 82' lang='lat' dir='ltr'><strong>tamen</strong></span> <span class='ocrx_word' id='word_1_245' title='bbox 1124 3945 1297 4012; x_wconf 87' lang='lat' dir='ltr'><strong>tenendum</strong></span> <span class='ocrx_word' id='word_1_246' title='bbox 1329 3951 1378 4009; x_wconf 89' lang='lat' dir='ltr'><strong>est</strong></span> <span class='ocrx_word' id='word_1_247' title='bbox 1452 3989 1455 3994; x_wconf 90' lang='lat'><em>-</em></span> 
     </span>
     <span class='ocr_line' id='line_1_34' title="bbox 252 4050 1375 4137; baseline -0.006 -16"><span class='ocrx_word' id='word_1_248' title='bbox 252 4057 463 4123; x_wconf 87' lang='lat' dir='ltr'><strong>Ammianeae</strong></span> <span class='ocrx_word' id='word_1_249' title='bbox 491 4056 676 4121; x_wconf 90' lang='lat' dir='ltr'><strong>elocutionis</strong></span> <span class='ocrx_word' id='word_1_250' title='bbox 704 4056 821 4120; x_wconf 90' lang='lat' dir='ltr'><strong>multas</strong></span> <span class='ocrx_word' id='word_1_251' title='bbox 843 4075 895 4120; x_wconf 89' lang='lat' dir='ltr'><strong>res</strong></span> <span class='ocrx_word' id='word_1_252' title='bbox 918 4074 987 4120; x_wconf 90' lang='lat' dir='ltr'><strong>esse</strong></span> <span class='ocrx_word' id='word_1_253' title='bbox 1008 4052 1194 4137; x_wconf 80' lang='lat' dir='ltr'><strong>peculiares,</strong></span> <span class='ocrx_word' id='word_1_254' title='bbox 1227 4072 1312 4135; x_wconf 90' lang='lat' dir='ltr'><strong>quae</strong></span> <span class='ocrx_word' id='word_1_255' title='bbox 1334 4050 1375 4115; x_wconf 92' lang='lat' dir='ltr'><strong>ab</strong></span> 
     </span>
     <span class='ocr_line' id='line_1_35' title="bbox 253 4151 1375 4247; baseline -0.007 -17"><span class='ocrx_word' id='word_1_256' title='bbox 253 4187 312 4231; x_wconf 92' lang='lat' dir='ltr'><strong>usu</strong></span> <span class='ocrx_word' id='word_1_257' title='bbox 334 4164 468 4230; x_wconf 87' lang='lat' dir='ltr'><strong>aliorum</strong></span> <span class='ocrx_word' id='word_1_258' title='bbox 498 4151 690 4247; x_wconf 82' lang='lat' dir='ltr'><strong>scriptorum</strong></span> <span class='ocrx_word' id='word_1_259' title='bbox 724 4163 909 4228; x_wconf 86' lang='lat' dir='ltr'><strong>abhorrent.</strong></span> <span class='ocrx_word' id='word_1_260' title='bbox 955 4159 1065 4244; x_wconf 81' lang='lat' dir='ltr'><strong>Quare</strong></span> <span class='ocrx_word' id='word_1_261' title='bbox 1097 4180 1160 4224; x_wconf 92' lang='lat' dir='ltr'><strong>non</strong></span> <span class='ocrx_word' id='word_1_262' title='bbox 1197 4179 1265 4223; x_wconf 91' lang='lat' dir='ltr'><strong>esse</strong></span> <span class='ocrx_word' id='word_1_263' title='bbox 1287 4164 1375 4242; x_wconf 78' lang='lat' dir='ltr'><strong>puto,</strong></span> 
     </span>
     <span class='ocr_line' id='line_1_36' title="bbox 255 4266 1377 4358; baseline -0.009 -19"><span class='ocrx_word' id='word_1_264' title='bbox 255 4274 340 4358; x_wconf 93' lang='lat' dir='ltr'><strong>quod</strong></span> <span class='ocrx_word' id='word_1_265' title='bbox 372 4295 444 4338; x_wconf 91' lang='lat' dir='ltr'><strong>cum</strong></span> <span class='ocrx_word' id='word_1_266' title='bbox 476 4271 675 4356; x_wconf 82' lang='lat' dir='ltr'><strong>Kiessliugio</strong></span> <span class='ocrx_word' id='word_1_267' title='bbox 712 4271 833 4352; x_wconf 82' lang='lat' dir='ltr'><strong>(Fleck.</strong></span> <span class='ocrx_word' id='word_1_268' title='bbox 856 4270 890 4335; x_wconf 84' lang='lat' dir='ltr'><strong>J.</strong></span> <span class='ocrx_word' id='word_1_269' title='bbox 908 4269 931 4335; x_wconf 88' lang='lat' dir='ltr'><strong>s.</strong></span> <span class='ocrx_word' id='word_1_270' title='bbox 951 4269 1036 4334; x_wconf 93' lang='lat' dir='ltr'><strong>Phil.</strong></span> <span class='ocrx_word' id='word_1_271' title='bbox 1062 4271 1122 4333; x_wconf 90' lang='lat'><strong>103</strong></span> <span class='ocrx_word' id='word_1_272' title='bbox 1148 4289 1179 4351; x_wconf 92' lang='lat' dir='ltr'><strong>p.</strong></span> <span class='ocrx_word' id='word_1_273' title='bbox 1202 4267 1279 4352; x_wconf 87' lang='grc'>493)</span> <span class='ocrx_word' id='word_1_274' title='bbox 1302 4266 1377 4330; x_wconf 91' lang='lat' dir='ltr'><strong>scri-</strong></span> 
     </span>
     <span class='ocr_line' id='line_1_37' title="bbox 252 4372 1377 4465; baseline -0.009 -19"><span class='ocrx_word' id='word_1_275' title='bbox 252 4383 348 4449; x_wconf 89' lang='lat' dir='ltr'><strong>batur</strong></span> <span class='ocrx_word' id='word_1_276' title='bbox 385 4386 603 4465; x_wconf 76' lang='lat' dir='ltr'><strong>‚,superaret‘·,</strong></span> <span class='ocrx_word' id='word_1_277' title='bbox 635 4380 786 4446; x_wconf 89' lang='lat' dir='ltr'><strong>usitatius</strong></span> <span class='ocrx_word' id='word_1_278' title='bbox 810 4379 949 4462; x_wconf 84' lang='lat' dir='ltr'><strong>quidem,</strong></span> <span class='ocrx_word' id='word_1_279' title='bbox 981 4377 1036 4442; x_wconf 89' lang='lat' dir='ltr'><strong>sed</strong></span> <span class='ocrx_word' id='word_1_280' title='bbox 1070 4377 1175 4440; x_wconf 91' lang='lat' dir='ltr'><strong>minus</strong></span> <span class='ocrx_word' id='word_1_281' title='bbox 1205 4395 1304 4458; x_wconf 91' lang='lat' dir='ltr'><strong>prope</strong></span> <span class='ocrx_word' id='word_1_282' title='bbox 1334 4372 1377 4438; x_wconf 92' lang='lat' dir='ltr'><strong>ad</strong></span> 
     </span>
    </p>
   </div>
   <div class='ocr_carea' id='block_1_5' title="bbox 254 4488 1274 4636">
    <p class='ocr_par' dir='ltr' id='par_1_7' title="bbox 254 4488 1274 4636">
     <span class='ocr_line' id='line_1_38' title="bbox 254 4488 1274 4614; baseline -0.005 -60"><span class='ocrx_word' id='word_1_283' title='bbox 254 4489 399 4556; x_wconf 89' lang='lat' dir='ltr'><strong>traditas</strong></span> <span class='ocrx_word' id='word_1_284' title='bbox 421 4490 545 4553; x_wconf 88' lang='lat' dir='ltr'><strong>litteras</strong></span> <span class='ocrx_word' id='word_1_285' title='bbox 565 4488 731 4555; x_wconf 88' lang='lat' dir='ltr'><strong>accedens.</strong></span> <span class='ocrx_word' id='word_1_286' title='bbox 1260 4581 1274 4614; x_wconf 57' lang='grc'>*</span> 
     </span>
     <span class='ocr_line' id='line_1_39' title="bbox 1241 4584 1257 4636; baseline 0 0"><span class='ocrx_word' id='word_1_287' title='bbox 1241 4584 1257 4636; x_wconf 83' lang='lat'><strong>2</strong></span> 
     </span>
    </p>
   </div>
   <div class='ocr_carea' id='block_1_6' title="bbox 0 0 1639 5026">
    <p class='ocr_par' dir='ltr' id='par_1_8' title="bbox 0 0 1639 5026">
     <span class='ocr_line' id='line_1_40' title="bbox 0 0 1639 5026; baseline 0 0"><span class='ocrx_word' id='word_1_288' title='bbox 0 0 1639 5026; x_wconf 95' lang='lat' dir='ltr'><strong> </strong></span> 
     </span>
    </p>
   </div>
  </div>
 </body>
</html>
