3276 5026
659 419 875 478 ...75-

234 584 428 664 rectoribus;
453 585 563 668 XXX,
584 591 615 667 4,
639 589 710 665 223,
726 591 762 650 ut
786 621 822 632 -
850 607 975 651 omnem
999 586 1210 652 certaminum
1233 586 1352 653 exitum

232 692 333 758 isdem
356 693 528 781 (patronis)
553 695 678 775 soleant
698 693 879 777 adsignare.

188 802 340 866 assistere
361 803 501 885 verbum,
533 803 585 868 cui
608 802 722 869 Cicero
754 808 786 868 et
815 803 943 868 omnino
974 802 1050 867 boni
1083 807 1230 868 auctores
1261 822 1354 885 prae-

232 910 430 993 positionem,
459 912 592 977 Tacitus
614 933 689 977 vero
713 911 855 976 dativum
877 910 948 995 (cfr.
969 909 1149 992 Lehmann,
1174 934 1204 994 p.
1227 913 1269 976 32
1293 912 1353 996 sq.)

233 1018 411 1099 subiunxit,
443 1019 529 1104 apud
561 1021 602 1086 A.
632 1021 736 1085 varias
768 1019 910 1086 admittit
944 1025 1131 1087 structuras.
1185 1018 1354 1103 Leguntur

231 1129 315 1192 enim
348 1129 389 1215 1)
411 1130 661 1213 praepositiones
694 1129 728 1214 a)
762 1127 893 1212 „apud“
928 1127 1002 1209 XV,
1026 1133 1061 1205 8,
1085 1133 1121 1194 5:
1156 1127 1354 1193 Adsistimus

231 1236 319 1319 apud
341 1257 395 1302 vos
426 1277 469 1285 -
500 1259 618 1304 causae
650 1238 811 1304 communi
841 1258 906 1303 uno
935 1257 1037 1321 paene
1069 1237 1210 1304 omnium
1242 1235 1354 1320 spiritu

233 1344 452 1428 vindicandae,
483 1346 547 1412 fine
576 1346 711 1412 actionis
745 1366 894 1430 expresso
916 1346 1024 1412 dativo
1056 1346 1247 1412 substantivi
1280 1367 1355 1412 cum

233 1452 407 1536 gerundivo
428 1455 545 1522 iuncto.
591 1454 626 1539 b)
645 1461 782 1538 ,‚prope“
799 1453 927 1536 XXIII,
951 1460 981 1536 4,
1008 1458 1045 1522 1:
1067 1476 1203 1539 quarum
1220 1453 1356 1540 (cochle-

235 1563 340 1646 arum)
373 1584 474 1647 prope
510 1584 607 1628 unam
641 1562 771 1628 adsistit
804 1562 929 1630 artifex.
988 1564 1023 1648 2)
1058 1563 1215 1628 ablativus
1252 1562 1356 1628 nudus

234 1669 364 1752 XXIII,
395 1675 426 1751 5,
462 1675 516 1736 15:
551 1672 618 1756 ipse
650 1671 853 1758 (imperator)
884 1691 1003 1756 aggere
1037 1671 1156 1756 glebali
1187 1670 1356 1736 adsistens.

235 1782 265 1856 3)
296 1779 437 1843 incertae
471 1800 564 1844 casus
598 1779 738 1859 formae,
771 1801 853 1864 quae
887 1801 926 1844 ex
959 1779 1108 1863 analogia
1141 1777 1356 1862 exemplorum

234 1882 339 1949 Taciti
372 1906 392 1949 a
424 1885 613 1952 Lehmanno
645 1888 665 1952 l.
701 1909 728 1956 c.
763 1893 987 1971 congestorum
1025 1887 1132 1952 nescio
1167 1907 1207 1950 an
1243 1895 1356 1951 contra

233 1993 510 2060 Hassensteinium
533 2017 564 2079 p.
582 2001 600 2063 6
615 2019 674 2081 pro
698 1996 813 2062 dativis
836 1996 1040 2080 accipiendae
1058 1996 1121 2060 sint
1138 1998 1252 2076 XIIII,
1267 1997 1305 2073 ·1,
1321 1996 1354 2060 6:

235 2100 464 2166 honoratorum
501 2104 627 2169 circulis
663 2103 859 2184 adsistendm
899 2109 928 2187 2,
961 2107 998 2168 2:
1030 2124 1161 2186 seseque
1197 2103 1357 2186 suspensis

232 2208 379 2292 passibus
402 2210 589 2276 iniectantes
612 2213 644 2276 in
674 2212 811 2297 scaphas
835 2212 953 2279 eisdem
976 2214 1093 2278 sensim
1115 2213 1193 2278 nihil
1227 2212 1357 2295 opinan-

233 2316 318 2382 tibus
342 2317 549 2385 adsistebant.
596 2320 764 2402 „sensimr
785 2328 833 2387 est
864 2321 1045 2387 emendatio
1068 2320 1315 2406 Eyssenhardtii
1337 2341 1358 2384 a

233 2427 429 2511 Kiessliugio
453 2427 575 2514 (Flech.
598 2429 632 2494 J.
669 2428 689 2494 f.
722 2429 805 2495 Phil.
843 2432 903 2496 103
936 2452 968 2513 p.
1001 2429 1080 2515 495)
1114 2428 1246 2494 laudata
1277 2433 1309 2493 et
1338 2449 1356 2491 a

233 2536 481 2602 Gardthauseno
505 2538 536 2602 in
554 2543 677 2603 textum
692 2537 783 2604 illata
798 2561 857 2622 pro
879 2545 1032 2623 corrupta
1049 2539 1356 2621 manuscriptorum

233 2644 367 2711 lectione
389 2648 525 2727 „enim“.
560 2645 635 2712 sed
658 2652 786 2738 rectene
811 2647 971 2713 scribatur
993 2647 1072 2712 illud
1093 2646 1262 2729 „sensim“,
1284 2666 1356 2712 cum

234 2753 421 2822 Guenthero
443 2777 471 2839 p.
496 2757 538 2822 60
559 2754 733 2820 admodum
755 2755 870 2821 dubius
894 2777 973 2834 sum,
1006 2777 1079 2821 cum
1109 2755 1288 2839 praedones
1310 2755 1357 2821 illi

235 2884 306 2928 cum
329 2863 524 2946 arrepserint
545 2884 609 2928 non
633 2864 748 2928 sensim
772 2862 951 2928 iacentibus
974 2862 1142 2939 adsistant,
1167 2862 1223 2928 sed
1242 2862 1357 2928 subito.

236 2970 345 3056 Quare
380 2976 500 3036 certam
536 2971 797 3037 emendationem
830 2971 936 3035 adhuc
969 2991 1037 3036 esse
1070 2970 1232 3036 inventam
1266 2991 1359 3054 nego.

236 3080 285 3159 10,
310 3079 365 3143 10:
396 3078 571 3161 imperator
595 3117 632 3128 -
658 3079 811 3144 tribunali
834 3078 1011 3158 adsistens3
1035 3082 1163 3157 XVIII,
1188 3081 1216 3160 9,
1237 3080 1276 3144 3:
1307 3098 1362 3142 sex

233 3185 372 3269 legiones
403 3223 445 3232 -
476 3187 575 3250 muris
609 3185 762 3252 adstitere
793 3185 998 3264 firmissimis,
1037 3184 1203 3266 XXVIII,
1235 3189 1266 3264 4,
1299 3187 1357 3250 34:

233 3293 364 3358 humum
387 3294 517 3358 summis
541 3293 659 3377 pedum
675 3294 834 3378 unguibus
851 3294 1072 3376 contingentes
1087 3292 1168 3358 aulis
1188 3292 1360 3358 adsistunt.

192 3401 322 3467 adstare
339 3401 469 3467 verbum
495 3401 589 3466 locali
610 3424 705 3467 sensu
729 3423 801 3466 cum
825 3401 932 3466 dativo
946 3407 983 3467 ut
997 3401 1185 3485 plerumque
1207 3401 1239 3464 in
1256 3399 1362 3470 Taciti

233 3509 322 3576 libris
351 3511 554 3576 coniunctum
587 3516 644 3592 cst,
680 3505 763 3595 quae
794 3517 842 3576 est
872 3511 1000 3595 poetica
1029 3516 1191 3575 structura
1221 3507 1361 3590 XXIII,

234 3623 263 3698 6,
297 3621 350 3686 8οε
382 3619 502 3686 famulo
535 3621 760 3706 mensae(que)
791 3620 944 3686 adstanti.
1008 3619 1188 3702 Scriptores
1222 3618 1362 3702 optimae

234 3728 402 3794 latinitatis
437 3731 690 3814 praepositiones
724 3729 810 3811 „ad“
847 3730 896 3795 vel
934 3731 1005 3810 „iu“
1046 3726 1199 3794 adhibere
1241 3728 1358 3808 solent;

232 3858 366 3920 perraro
389 3838 485 3902 etiarn
507 3860 616 3923 praep.
640 3839 712 3920 „iu“
737 3837 822 3921 apud
839 3837 989 3903 Tacitum
1010 3837 1129 3921 legitur
1150 3835 1221 3917 (cfr.
1236 3834 1360 3916 Lehm,

236 3945 308 4012 diss.
332 3968 362 4028 p.
388 3945 455 4031 33).

195 4073 375 4118 assuescere
398 4052 505 4132 verbo,
530 4055 580 4119 cui
603 4052 714 4118 Livius
737 4052 880 4118 dativum
902 4060 934 4120 et
954 4052 1138 4130 ablativum,
1162 4051 1238 4133 quin
1262 4051 1360 4115 etiam

234 4184 342 4247 praep.
366 4162 441 4243 „iu“
466 4181 492 4227 c.
515 4183 579 4229 acc.
603 4162 672 4248 (cir.
695 4160 876 4240 Kuehnast,
907 4184 939 4245 p.
961 4166 1022 4228 138
1055 4167 1086 4227 et
1110 4162 1195 4238 162),
1230 4157 1363 4223 Tacitus

234 4291 308 4336 vero
330 4271 456 4334 nonnisi
479 4268 623 4336 dativum
647 4270 778 4350 adiecit,
811 4270 855 4337 A.
880 4270 962 4335 sicut
984 4270 1099 4336 Cicero
1129 4267 1247 4351 ubique
1276 4266 1363 4333 abla-

233 4378 332 4444 tivum
355 4378 555 4443 ccniunxisse
575 4377 710 4444 videtur.
755 4375 891 4462 Legitur
909 4378 1041 4443 verbum
1061 4379 1157 4461 idque
1182 4395 1308 4458 semper
1329 4377 1362 4441 in

235 4487 396 4571 participii
423 4487 542 4571 passivi
571 4486 675 4552 forma
705 4487 844 4570 positum
875 4487 961 4552 hisce
994 4487 1072 4552 locis
1094 4489 1203 4564 XVII,
1236 4487 1284 4562 13,
1308 4490 1363 4556 27:
