<?xml version="1.0" encoding="UTF-8"?>
<!DOCTYPE html PUBLIC "-//W3C//DTD XHTML 1.0 Transitional//EN"
    "http://www.w3.org/TR/xhtml1/DTD/xhtml1-transitional.dtd">
<html xmlns="http://www.w3.org/1999/xhtml" xml:lang="en" lang="en">
 <head>
  <title>
</title>
<meta http-equiv="Content-Type" content="text/html;charset=utf-8" />
  <meta name='ocr-system' content='tesseract 3.04.00' />
  <meta name='ocr-capabilities' content='ocr_page ocr_carea ocr_par ocr_line ocrx_word'/>
</head>
<body>
  <div class='ocr_page' id='page_1' title='image "./deverborumcumpr00naumgoog_0063.png"; bbox 0 0 3232 5026; ppageno 0'>
   <div class='ocr_carea' id='block_1_1' title="bbox 710 423 924 525">
    <p class='ocr_par' dir='ltr' id='par_1_1' title="bbox 710 423 924 525">
     <span class='ocr_line' id='line_1_1' title="bbox 710 423 924 525; baseline 0.005 -38"><span class='ocrx_word' id='word_1_1' title='bbox 710 423 924 525; x_wconf 78' lang='lat' dir='ltr'>-sa-</span> 
     </span>
    </p>
   </div>
   <div class='ocr_carea' id='block_1_2' title="bbox 225 590 1434 4562">
    <p class='ocr_par' dir='ltr' id='par_1_2' title="bbox 227 590 1393 1000">
     <span class='ocr_line' id='line_1_2' title="bbox 227 590 1392 677; baseline 0.002 -23"><span class='ocrx_word' id='word_1_2' title='bbox 227 590 231 598; x_wconf 83' lang='lat'>&#39;</span> <span class='ocrx_word' id='word_1_3' title='bbox 277 590 420 674; x_wconf 84' lang='lat' dir='ltr'>praedis3</span> <span class='ocrx_word' id='word_1_4' title='bbox 455 590 596 667; x_wconf 90' lang='lat' dir='ltr'>XXVI,</span> <span class='ocrx_word' id='word_1_5' title='bbox 629 594 662 672; x_wconf 87' lang='lat'>8,</span> <span class='ocrx_word' id='word_1_6' title='bbox 696 595 733 656; x_wconf 85' lang='lat'>2:</span> <span class='ocrx_word' id='word_1_7' title='bbox 767 593 996 677; x_wconf 82' lang='lat' dir='ltr'>oppugnationi</span> <span class='ocrx_word' id='word_1_8' title='bbox 1027 591 1238 659; x_wconf 79' lang='lat' dir='ltr'>Chalcedonis</span> <span class='ocrx_word' id='word_1_9' title='bbox 1269 592 1392 676; x_wconf 89' lang='lat' dir='ltr'>magnis</span> 
     </span>
     <span class='ocr_line' id='line_1_3' title="bbox 277 697 1393 780; baseline 0.004 -19"><span class='ocrx_word' id='word_1_10' title='bbox 277 698 396 762; x_wconf 89' lang='lat' dir='ltr'>viribus</span> <span class='ocrx_word' id='word_1_11' title='bbox 418 697 594 768; x_wconf 89' lang='lat' dir='ltr'>insistebat.</span> <span class='ocrx_word' id='word_1_12' title='bbox 615 727 657 754; x_wconf 91' lang='lat'>=</span> <span class='ocrx_word' id='word_1_13' title='bbox 679 721 793 776; x_wconf 81' lang='lat' dir='ltr'>urgere</span> <span class='ocrx_word' id='word_1_14' title='bbox 816 701 865 765; x_wconf 93' lang='lat' dir='ltr'>vel</span> <span class='ocrx_word' id='word_1_15' title='bbox 885 708 921 765; x_wconf 90' lang='lat' dir='ltr'>ut</span> <span class='ocrx_word' id='word_1_16' title='bbox 942 722 1001 766; x_wconf 91' lang='lat' dir='ltr'>nos</span> <span class='ocrx_word' id='word_1_17' title='bbox 1023 700 1157 765; x_wconf 82' lang='lat' dir='ltr'>dicimus</span> <span class='ocrx_word' id='word_1_18' title='bbox 1180 700 1393 780; x_wconf 85' lang='lat' dir='ltr'>„Jenraudem</span> 
     </span>
     <span class='ocr_line' id='line_1_4' title="bbox 276 805 1392 892; baseline 0.004 -24"><span class='ocrx_word' id='word_1_19' title='bbox 276 805 321 868; x_wconf 91' lang='lat' dir='ltr'>im</span> <span class='ocrx_word' id='word_1_20' title='bbox 345 805 480 871; x_wconf 86' lang='lat' dir='ltr'>Nacken</span> <span class='ocrx_word' id='word_1_21' title='bbox 503 807 620 871; x_wconf 87' lang='lat' dir='ltr'>sitzeu“</span> <span class='ocrx_word' id='word_1_22' title='bbox 643 812 794 890; x_wconf 91' lang='lat' dir='ltr'>XXIIII,</span> <span class='ocrx_word' id='word_1_23' title='bbox 817 812 851 888; x_wconf 83' lang='lat'>2,</span> <span class='ocrx_word' id='word_1_24' title='bbox 873 811 907 874; x_wconf 91' lang='lat'>8:</span> <span class='ocrx_word' id='word_1_25' title='bbox 945 807 1196 892; x_wconf 79' lang='lat' dir='ltr'>fugientiumque</span> <span class='ocrx_word' id='word_1_26' title='bbox 1219 807 1392 873; x_wconf 89' lang='lat' dir='ltr'>cervicibus</span> 
     </span>
     <span class='ocr_line' id='line_1_5' title="bbox 275 914 683 1000; baseline 0.01 -23"><span class='ocrx_word' id='word_1_27' title='bbox 275 914 455 979; x_wconf 78' lang='lat' dir='ltr'>insistentes</span> <span class='ocrx_word' id='word_1_28' title='bbox 476 916 683 1000; x_wconf 67' lang='lat' dir='ltr'>(auxiliares).</span> 
     </span>
    </p>

    <p class='ocr_par' dir='ltr' id='par_1_3' title="bbox 234 1019 1392 1758">
     <span class='ocr_line' id='line_1_6' title="bbox 234 1019 1392 1110; baseline 0.003 -26"><span class='ocrx_word' id='word_1_29' title='bbox 234 1019 420 1104; x_wconf 86' lang='lat' dir='ltr'>obequitare</span> <span class='ocrx_word' id='word_1_30' title='bbox 458 1023 489 1110; x_wconf 87' lang='lat'>1)</span> <span class='ocrx_word' id='word_1_31' title='bbox 522 1045 593 1088; x_wconf 91' lang='lat' dir='ltr'>cum</span> <span class='ocrx_word' id='word_1_32' title='bbox 627 1023 733 1088; x_wconf 92' lang='lat' dir='ltr'>dativo</span> <span class='ocrx_word' id='word_1_33' title='bbox 766 1022 853 1106; x_wconf 92' lang='lat' dir='ltr'>apud</span> <span class='ocrx_word' id='word_1_34' title='bbox 886 1021 1012 1087; x_wconf 80' lang='lat' dir='ltr'>Livium</span> <span class='ocrx_word' id='word_1_35' title='bbox 1045 1025 1172 1107; x_wconf 88' lang='lat' dir='ltr'>saepius</span> <span class='ocrx_word' id='word_1_36' title='bbox 1206 1030 1392 1088; x_wconf 89' lang='lat' dir='ltr'>occurrente</span> 
     </span>
     <span class='ocr_line' id='line_1_7' title="bbox 276 1131 1392 1216; baseline 0.002 -19"><span class='ocrx_word' id='word_1_37' title='bbox 276 1135 420 1214; x_wconf 85' lang='lat' dir='ltr'>XVIIII,</span> <span class='ocrx_word' id='word_1_38' title='bbox 440 1136 468 1213; x_wconf 89' lang='lat'>1,</span> <span class='ocrx_word' id='word_1_39' title='bbox 487 1136 523 1198; x_wconf 84' lang='lat'>5:</span> <span class='ocrx_word' id='word_1_40' title='bbox 539 1132 639 1216; x_wconf 91' lang='lat' dir='ltr'>portis</span> <span class='ocrx_word' id='word_1_41' title='bbox 658 1131 883 1215; x_wconf 80' lang='lat' dir='ltr'>obequitabat3</span> <span class='ocrx_word' id='word_1_42' title='bbox 908 1135 1054 1210; x_wconf 88' lang='lat' dir='ltr'>XXIIII,</span> <span class='ocrx_word' id='word_1_43' title='bbox 1072 1136 1099 1210; x_wconf 91' lang='lat'>1,</span> <span class='ocrx_word' id='word_1_44' title='bbox 1118 1136 1149 1197; x_wconf 90' lang='lat'>1:</span> <span class='ocrx_word' id='word_1_45' title='bbox 1166 1133 1250 1197; x_wconf 90' lang='lat' dir='ltr'>celso</span> <span class='ocrx_word' id='word_1_46' title='bbox 1263 1138 1392 1216; x_wconf 88' lang='lat' dir='ltr'>praeter</span> 
     </span>
     <span class='ocr_line' id='line_1_8' title="bbox 274 1239 1392 1326; baseline 0.003 -23"><span class='ocrx_word' id='word_1_47' title='bbox 274 1239 353 1303; x_wconf 91' lang='lat' dir='ltr'>alios</span> <span class='ocrx_word' id='word_1_48' title='bbox 378 1241 491 1323; x_wconf 90' lang='lat' dir='ltr'>spiritu</span> <span class='ocrx_word' id='word_1_49' title='bbox 514 1239 703 1324; x_wconf 84' lang='lat' dir='ltr'>obequitans</span> <span class='ocrx_word' id='word_1_50' title='bbox 725 1239 904 1326; x_wconf 86' lang='lat' dir='ltr'>(Julianus)</span> <span class='ocrx_word' id='word_1_51' title='bbox 926 1239 1102 1308; x_wconf 88' lang='lat' dir='ltr'>ordinibus.</span> <span class='ocrx_word' id='word_1_52' title='bbox 1146 1243 1181 1322; x_wconf 88' lang='grc'>2)</span> <span class='ocrx_word' id='word_1_53' title='bbox 1204 1263 1276 1305; x_wconf 87' lang='lat' dir='ltr'>eum</span> <span class='ocrx_word' id='word_1_54' title='bbox 1299 1262 1392 1306; x_wconf 88' lang='lat' dir='ltr'>accu-</span> 
     </span>
     <span class='ocr_line' id='line_1_9' title="bbox 275 1345 1392 1431; baseline 0.002 -21"><span class='ocrx_word' id='word_1_55' title='bbox 275 1348 376 1412; x_wconf 89' lang='lat' dir='ltr'>sativo</span> <span class='ocrx_word' id='word_1_56' title='bbox 402 1354 477 1413; x_wconf 90' lang='lat' dir='ltr'>ante</span> <span class='ocrx_word' id='word_1_57' title='bbox 499 1349 707 1413; x_wconf 90' lang='lat' dir='ltr'>Ammianum</span> <span class='ocrx_word' id='word_1_58' title='bbox 735 1369 798 1413; x_wconf 91' lang='lat' dir='ltr'>non</span> <span class='ocrx_word' id='word_1_59' title='bbox 829 1346 921 1411; x_wconf 86' lang='lat' dir='ltr'>obvio</span> <span class='ocrx_word' id='word_1_60' title='bbox 945 1345 1031 1424; x_wconf 87' lang='lat' dir='ltr'>XX,</span> <span class='ocrx_word' id='word_1_61' title='bbox 1064 1352 1112 1425; x_wconf 91' lang='lat' dir='ltr'>ll,</span> <span class='ocrx_word' id='word_1_62' title='bbox 1136 1351 1172 1412; x_wconf 89' lang='lat'>6:</span> <span class='ocrx_word' id='word_1_63' title='bbox 1202 1348 1392 1431; x_wconf 88' lang='lat' dir='ltr'>obequitans</span> 
     </span>
     <span class='ocr_line' id='line_1_10' title="bbox 276 1453 1392 1542; baseline 0.001 -23"><span class='ocrx_word' id='word_1_64' title='bbox 276 1453 513 1542; x_wconf 89' lang='lat' dir='ltr'>(Constantius)</span> <span class='ocrx_word' id='word_1_65' title='bbox 537 1463 699 1522; x_wconf 86' lang='lat' dir='ltr'>castorum</span> <span class='ocrx_word' id='word_1_66' title='bbox 722 1455 891 1534; x_wconf 72' lang='lat' dir='ltr'>ambitum,</span> <span class='ocrx_word' id='word_1_67' title='bbox 913 1460 1059 1534; x_wconf 90' lang='lat' dir='ltr'>XXIIII,</span> <span class='ocrx_word' id='word_1_68' title='bbox 1080 1461 1109 1534; x_wconf 87' lang='grc'>2,</span> <span class='ocrx_word' id='word_1_69' title='bbox 1133 1460 1167 1523; x_wconf 86' lang='grc'>9;</span> <span class='ocrx_word' id='word_1_70' title='bbox 1189 1457 1277 1520; x_wconf 90' lang='lat' dir='ltr'>cuius</span> <span class='ocrx_word' id='word_1_71' title='bbox 1299 1455 1392 1537; x_wconf 90' lang='lat' dir='ltr'>(Piri-</span> 
     </span>
     <span class='ocr_line' id='line_1_11' title="bbox 274 1560 1391 1648; baseline 0.003 -23"><span class='ocrx_word' id='word_1_72' title='bbox 274 1560 410 1628; x_wconf 88' lang='lat' dir='ltr'>saborae</span> <span class='ocrx_word' id='word_1_73' title='bbox 439 1563 628 1648; x_wconf 87' lang='lat' dir='ltr'>obequitans</span> <span class='ocrx_word' id='word_1_74' title='bbox 659 1565 785 1630; x_wconf 90' lang='lat' dir='ltr'>moenia</span> <span class='ocrx_word' id='word_1_75' title='bbox 810 1564 986 1647; x_wconf 89' lang='lat' dir='ltr'>imperator</span> <span class='ocrx_word' id='word_1_76' title='bbox 1018 1569 1050 1628; x_wconf 92' lang='lat' dir='ltr'>et</span> <span class='ocrx_word' id='word_1_77' title='bbox 1080 1565 1190 1642; x_wconf 80' lang='lat' dir='ltr'>situm3</span> <span class='ocrx_word' id='word_1_78' title='bbox 1219 1568 1247 1640; x_wconf 80' lang='lat'>5,</span> <span class='ocrx_word' id='word_1_79' title='bbox 1272 1568 1308 1630; x_wconf 88' lang='lat'>6:</span> <span class='ocrx_word' id='word_1_80' title='bbox 1337 1563 1391 1628; x_wconf 95' lang='lat' dir='ltr'>ob-</span> 
     </span>
     <span class='ocr_line' id='line_1_12' title="bbox 274 1671 786 1758; baseline 0.01 -25"><span class='ocrx_word' id='word_1_81' title='bbox 274 1671 421 1754; x_wconf 89' lang='lat' dir='ltr'>equitans</span> <span class='ocrx_word' id='word_1_82' title='bbox 445 1671 647 1758; x_wconf 90' lang='lat' dir='ltr'>(imperator)</span> <span class='ocrx_word' id='word_1_83' title='bbox 668 1694 786 1738; x_wconf 83' lang='lat' dir='ltr'>muros</span> 
     </span>
    </p>

    <p class='ocr_par' dir='ltr' id='par_1_4' title="bbox 231 1776 1434 2938">
     <span class='ocr_line' id='line_1_13' title="bbox 231 1776 1391 1865; baseline -0.001 -23"><span class='ocrx_word' id='word_1_84' title='bbox 231 1776 414 1844; x_wconf 84' lang='lat' dir='ltr'>obtrectare</span> <span class='ocrx_word' id='word_1_85' title='bbox 436 1779 567 1845; x_wconf 90' lang='lat' dir='ltr'>verbum</span> <span class='ocrx_word' id='word_1_86' title='bbox 597 1782 741 1864; x_wconf 90' lang='lat' dir='ltr'>sequitur</span> <span class='ocrx_word' id='word_1_87' title='bbox 771 1782 802 1865; x_wconf 94' lang='lat' dir='ltr'>l)</span> <span class='ocrx_word' id='word_1_88' title='bbox 836 1779 960 1844; x_wconf 87' lang='lat' dir='ltr'>dativus</span> <span class='ocrx_word' id='word_1_89' title='bbox 988 1780 1166 1853; x_wconf 87' lang='lat' dir='ltr'>XXVIIII,</span> <span class='ocrx_word' id='word_1_90' title='bbox 1194 1780 1224 1858; x_wconf 83' lang='lat'>2,</span> <span class='ocrx_word' id='word_1_91' title='bbox 1246 1781 1301 1845; x_wconf 83' lang='lat'>23:</span> <span class='ocrx_word' id='word_1_92' title='bbox 1335 1777 1391 1841; x_wconf 91' lang='lat' dir='ltr'>ob-</span> 
     </span>
     <span class='ocr_line' id='line_1_14' title="bbox 273 1884 1391 1974; baseline 0 -24"><span class='ocrx_word' id='word_1_93' title='bbox 273 1888 433 1952; x_wconf 89' lang='lat' dir='ltr'>trectabat</span> <span class='ocrx_word' id='word_1_94' title='bbox 472 1887 650 1974; x_wconf 84' lang='lat' dir='ltr'>(Festinus)</span> <span class='ocrx_word' id='word_1_95' title='bbox 694 1887 828 1953; x_wconf 90' lang='lat' dir='ltr'>subinde</span> <span class='ocrx_word' id='word_1_96' title='bbox 867 1886 992 1951; x_wconf 91' lang='lat' dir='ltr'>actibus</span> <span class='ocrx_word' id='word_1_97' title='bbox 1031 1885 1098 1949; x_wconf 88' lang='lat' dir='ltr'>eius</span> <span class='ocrx_word' id='word_1_98' title='bbox 1130 1884 1322 1968; x_wconf 87' lang='lat' dir='ltr'>(Maximini)</span> <span class='ocrx_word' id='word_1_99' title='bbox 1354 1891 1391 1950; x_wconf 93' lang='lat' dir='ltr'>ut</span> 
     </span>
     <span class='ocr_line' id='line_1_15' title="bbox 272 1993 1390 2082; baseline 0 -24"><span class='ocrx_word' id='word_1_100' title='bbox 272 1996 458 2077; x_wconf 89' lang='lat' dir='ltr'>perniciosis</span> <span class='ocrx_word' id='word_1_101' title='bbox 476 2002 508 2061; x_wconf 91' lang='lat' dir='ltr'>et</span> <span class='ocrx_word' id='word_1_102' title='bbox 530 1997 639 2063; x_wconf 87' lang='lat' dir='ltr'>foedis.</span> <span class='ocrx_word' id='word_1_103' title='bbox 685 1999 720 2082; x_wconf 87' lang='grc'>2)</span> <span class='ocrx_word' id='word_1_104' title='bbox 743 1997 942 2061; x_wconf 89' lang='lat' dir='ltr'>accusativus</span> <span class='ocrx_word' id='word_1_105' title='bbox 957 2014 1113 2077; x_wconf 88' lang='lat' dir='ltr'>personae</span> <span class='ocrx_word' id='word_1_106' title='bbox 1128 1995 1225 2057; x_wconf 89' lang='lat' dir='ltr'>etiam</span> <span class='ocrx_word' id='word_1_107' title='bbox 1239 2015 1259 2057; x_wconf 92' lang='lat' dir='ltr'>a</span> <span class='ocrx_word' id='word_1_108' title='bbox 1275 1993 1390 2058; x_wconf 75' lang='lat' dir='ltr'>Tacito</span> 
     </span>
     <span class='ocr_line' id='line_1_16' title="bbox 272 2102 1390 2185; baseline 0 -19"><span class='ocrx_word' id='word_1_109' title='bbox 272 2103 445 2184; x_wconf 90' lang='lat' dir='ltr'>admissus,</span> <span class='ocrx_word' id='word_1_110' title='bbox 475 2127 546 2168; x_wconf 92' lang='lat' dir='ltr'>cum</span> <span class='ocrx_word' id='word_1_111' title='bbox 574 2103 684 2169; x_wconf 86' lang='lat' dir='ltr'>Livius</span> <span class='ocrx_word' id='word_1_112' title='bbox 713 2105 810 2168; x_wconf 90' lang='lat' dir='ltr'>verbo</span> <span class='ocrx_word' id='word_1_113' title='bbox 841 2104 1056 2168; x_wconf 87' lang='lat' dir='ltr'>accusativum</span> <span class='ocrx_word' id='word_1_114' title='bbox 1079 2123 1205 2185; x_wconf 88' lang='lat' dir='ltr'>quoque</span> <span class='ocrx_word' id='word_1_115' title='bbox 1235 2103 1282 2166; x_wconf 90' lang='lat' dir='ltr'>rei</span> <span class='ocrx_word' id='word_1_116' title='bbox 1315 2102 1390 2166; x_wconf 89' lang='lat' dir='ltr'>inde</span> 
     </span>
     <span class='ocr_line' id='line_1_17' title="bbox 273 2209 1434 2296; baseline 0.003 -22"><span class='ocrx_word' id='word_1_117' title='bbox 273 2210 313 2274; x_wconf 91' lang='lat' dir='ltr'>ab</span> <span class='ocrx_word' id='word_1_118' title='bbox 334 2210 427 2275; x_wconf 90' lang='lat' dir='ltr'>huius</span> <span class='ocrx_word' id='word_1_119' title='bbox 450 2218 557 2277; x_wconf 90' lang='lat' dir='ltr'>aetate</span> <span class='ocrx_word' id='word_1_120' title='bbox 576 2212 870 2296; x_wconf 89' lang='lat' dir='ltr'>percrebescentem</span> <span class='ocrx_word' id='word_1_121' title='bbox 893 2211 1087 2294; x_wconf 89' lang='lat' dir='ltr'>apposuerit.</span> <span class='ocrx_word' id='word_1_122' title='bbox 1131 2209 1268 2289; x_wconf 89' lang='lat' dir='ltr'>XXVI,</span> <span class='ocrx_word' id='word_1_123' title='bbox 1290 2214 1338 2289; x_wconf 90' lang='lat'>10,</span> <span class='ocrx_word' id='word_1_124' title='bbox 1355 2213 1388 2277; x_wconf 86' lang='lat'>8:</span> <span class='ocrx_word' id='word_1_125' title='bbox 1432 2223 1434 2227; x_wconf 81' lang='grc'>’</span> 
     </span>
     <span class='ocr_line' id='line_1_18' title="bbox 272 2316 1389 2401; baseline 0.002 -21"><span class='ocrx_word' id='word_1_126' title='bbox 272 2317 361 2381; x_wconf 92' lang='lat' dir='ltr'>cuius</span> <span class='ocrx_word' id='word_1_127' title='bbox 378 2318 528 2400; x_wconf 88' lang='lat' dir='ltr'>(Juliani)</span> <span class='ocrx_word' id='word_1_128' title='bbox 550 2319 764 2384; x_wconf 88' lang='lat' dir='ltr'>memorandis</span> <span class='ocrx_word' id='word_1_129' title='bbox 784 2319 954 2384; x_wconf 89' lang='lat' dir='ltr'>virtutibus</span> <span class='ocrx_word' id='word_1_130' title='bbox 977 2317 1071 2383; x_wconf 92' lang='lat' dir='ltr'>ambo</span> <span class='ocrx_word' id='word_1_131' title='bbox 1091 2316 1208 2382; x_wconf 80' lang='lat' dir='ltr'>iratres</span> <span class='ocrx_word' id='word_1_132' title='bbox 1230 2319 1389 2401; x_wconf 88' lang='lat' dir='ltr'>principes</span> 
     </span>
     <span class='ocr_line' id='line_1_19' title="bbox 272 2423 1390 2511; baseline 0.004 -23"><span class='ocrx_word' id='word_1_133' title='bbox 272 2423 475 2490; x_wconf 89' lang='lat' dir='ltr'>obtrectabat</span> <span class='ocrx_word' id='word_1_134' title='bbox 512 2425 742 2511; x_wconf 90' lang='lat' dir='ltr'>(Phrouenius)</span> <span class='ocrx_word' id='word_1_135' title='bbox 779 2449 837 2491; x_wconf 93' lang='lat' dir='ltr'>nec</span> <span class='ocrx_word' id='word_1_136' title='bbox 869 2427 985 2491; x_wconf 90' lang='lat' dir='ltr'>similes</span> <span class='ocrx_word' id='word_1_137' title='bbox 1023 2427 1089 2491; x_wconf 90' lang='lat' dir='ltr'>eius</span> <span class='ocrx_word' id='word_1_138' title='bbox 1127 2447 1190 2490; x_wconf 90' lang='lat' dir='ltr'>nec</span> <span class='ocrx_word' id='word_1_139' title='bbox 1225 2447 1390 2509; x_wconf 87' lang='lat' dir='ltr'>suppares.</span> 
     </span>
     <span class='ocr_line' id='line_1_20' title="bbox 271 2533 1387 2614; baseline 0.002 -18"><span class='ocrx_word' id='word_1_140' title='bbox 271 2533 458 2598; x_wconf 86' lang='lat' dir='ltr'>Accusativi</span> <span class='ocrx_word' id='word_1_141' title='bbox 491 2540 684 2609; x_wconf 87' lang='lat' dir='ltr'>structuram</span> <span class='ocrx_word' id='word_1_142' title='bbox 718 2535 779 2599; x_wconf 93' lang='lat' dir='ltr'>hoc</span> <span class='ocrx_word' id='word_1_143' title='bbox 816 2536 886 2600; x_wconf 92' lang='lat' dir='ltr'>loco</span> <span class='ocrx_word' id='word_1_144' title='bbox 919 2535 1016 2600; x_wconf 89' lang='lat' dir='ltr'>verbo</span> <span class='ocrx_word' id='word_1_145' title='bbox 1060 2535 1279 2614; x_wconf 87' lang='lat' dir='ltr'>,obtrectare“</span> <span class='ocrx_word' id='word_1_146' title='bbox 1320 2556 1387 2599; x_wconf 88' lang='lat' dir='ltr'>esse</span> 
     </span>
     <span class='ocr_line' id='line_1_21' title="bbox 272 2639 1434 2729; baseline 0.002 -25"><span class='ocrx_word' id='word_1_147' title='bbox 272 2639 428 2721; x_wconf 86' lang='lat' dir='ltr'>dandam,</span> <span class='ocrx_word' id='word_1_148' title='bbox 458 2642 596 2708; x_wconf 89' lang='lat' dir='ltr'>ostendit</span> <span class='ocrx_word' id='word_1_149' title='bbox 618 2643 795 2727; x_wconf 69' lang='lat' dir='ltr'>Hauptiusv</span> <span class='ocrx_word' id='word_1_150' title='bbox 815 2644 893 2729; x_wconf 91' lang='lat' dir='ltr'>(ind.</span> <span class='ocrx_word' id='word_1_151' title='bbox 917 2643 989 2709; x_wconf 90' lang='lat' dir='ltr'>lect.</span> <span class='ocrx_word' id='word_1_152' title='bbox 1016 2643 1146 2707; x_wconf 89' lang='lat' dir='ltr'>berolin.</span> <span class='ocrx_word' id='word_1_153' title='bbox 1173 2647 1258 2708; x_wconf 84' lang='grc'>1874</span> <span class='ocrx_word' id='word_1_154' title='bbox 1276 2665 1306 2725; x_wconf 93' lang='lat' dir='ltr'>p.</span> <span class='ocrx_word' id='word_1_155' title='bbox 1334 2645 1387 2724; x_wconf 87' lang='lat'>13)</span> <span class='ocrx_word' id='word_1_156' title='bbox 1432 2639 1434 2642; x_wconf 67' lang='grc'><strong>’</strong></span> 
     </span>
     <span class='ocr_line' id='line_1_22' title="bbox 270 2747 1387 2834; baseline 0.004 -24"><span class='ocrx_word' id='word_1_157' title='bbox 270 2747 432 2829; x_wconf 87' lang='lat' dir='ltr'>corrigens</span> <span class='ocrx_word' id='word_1_158' title='bbox 455 2747 730 2831; x_wconf 86' lang='lat' dir='ltr'>„obtrectabant“,</span> <span class='ocrx_word' id='word_1_159' title='bbox 754 2751 840 2834; x_wconf 92' lang='lat' dir='ltr'>quod</span> <span class='ocrx_word' id='word_1_160' title='bbox 860 2753 892 2815; x_wconf 91' lang='lat' dir='ltr'>in</span> <span class='ocrx_word' id='word_1_161' title='bbox 913 2750 1074 2816; x_wconf 90' lang='lat' dir='ltr'>codicibus</span> <span class='ocrx_word' id='word_1_162' title='bbox 1097 2756 1153 2830; x_wconf 91' lang='lat' dir='ltr'>est,</span> <span class='ocrx_word' id='word_1_163' title='bbox 1175 2750 1290 2814; x_wconf 92' lang='lat' dir='ltr'>idoneo</span> <span class='ocrx_word' id='word_1_164' title='bbox 1312 2771 1387 2814; x_wconf 87' lang='lat' dir='ltr'>vero</span> 
     </span>
     <span class='ocr_line' id='line_1_23' title="bbox 270 2856 814 2938; baseline 0.011 -21"><span class='ocrx_word' id='word_1_165' title='bbox 270 2875 365 2919; x_wconf 87' lang='lat' dir='ltr'>sensu</span> <span class='ocrx_word' id='word_1_166' title='bbox 386 2862 484 2932; x_wconf 89' lang='lat' dir='ltr'>caret,</span> <span class='ocrx_word' id='word_1_167' title='bbox 505 2857 538 2920; x_wconf 93' lang='lat' dir='ltr'>in</span> <span class='ocrx_word' id='word_1_168' title='bbox 561 2856 814 2938; x_wconf 82' lang='lat' dir='ltr'>„obtrectabat“.</span> 
     </span>
    </p>

    <p class='ocr_par' dir='ltr' id='par_1_5' title="bbox 227 2945 1385 3695">
     <span class='ocr_line' id='line_1_24' title="bbox 227 2945 1385 3043; baseline 0.004 -19"><span class='ocrx_word' id='word_1_169' title='bbox 227 2962 352 3043; x_wconf 88' lang='lat' dir='ltr'>praeire</span> <span class='ocrx_word' id='word_1_170' title='bbox 375 2962 472 3027; x_wconf 92' lang='lat' dir='ltr'>verbo</span> <span class='ocrx_word' id='word_1_171' title='bbox 496 2983 515 3027; x_wconf 91' lang='lat' dir='ltr'>a</span> <span class='ocrx_word' id='word_1_172' title='bbox 537 2945 630 3028; x_wconf 89' lang='lat' dir='ltr'>Livio</span> <span class='ocrx_word' id='word_1_173' title='bbox 651 2970 683 3029; x_wconf 88' lang='lat' dir='ltr'>ct</span> <span class='ocrx_word' id='word_1_174' title='bbox 706 2964 820 3031; x_wconf 80' lang='lat' dir='ltr'>Tacito</span> <span class='ocrx_word' id='word_1_175' title='bbox 848 2965 974 3032; x_wconf 87' lang='lat' dir='ltr'>nonnisi</span> <span class='ocrx_word' id='word_1_176' title='bbox 1006 2987 1078 3030; x_wconf 90' lang='lat' dir='ltr'>cum</span> <span class='ocrx_word' id='word_1_177' title='bbox 1104 2967 1285 3032; x_wconf 86' lang='lat' dir='ltr'>accusativo</span> <span class='ocrx_word' id='word_1_178' title='bbox 1313 2988 1385 3031; x_wconf 91' lang='lat' dir='ltr'>con-</span> 
     </span>
     <span class='ocr_line' id='line_1_25' title="bbox 269 3070 1384 3155; baseline 0.006 -22"><span class='ocrx_word' id='word_1_179' title='bbox 269 3074 391 3134; x_wconf 88' lang='lat' dir='ltr'>structo</span> <span class='ocrx_word' id='word_1_180' title='bbox 420 3070 461 3134; x_wconf 88' lang='lat' dir='ltr'>A.</span> <span class='ocrx_word' id='word_1_181' title='bbox 492 3071 649 3155; x_wconf 88' lang='lat' dir='ltr'>triplicem</span> <span class='ocrx_word' id='word_1_182' title='bbox 676 3073 805 3138; x_wconf 77' lang='lat' dir='ltr'>admisIt</span> <span class='ocrx_word' id='word_1_183' title='bbox 826 3073 994 3140; x_wconf 90' lang='lat' dir='ltr'>rationem.</span> <span class='ocrx_word' id='word_1_184' title='bbox 1040 3077 1069 3153; x_wconf 93' lang='lat'>1)</span> <span class='ocrx_word' id='word_1_185' title='bbox 1095 3073 1220 3137; x_wconf 89' lang='lat' dir='ltr'>dativus</span> <span class='ocrx_word' id='word_1_186' title='bbox 1239 3077 1384 3151; x_wconf 90' lang='lat' dir='ltr'>XVIIII,</span> 
     </span>
     <span class='ocr_line' id='line_1_26' title="bbox 272 3179 1382 3265; baseline 0.004 -23"><span class='ocrx_word' id='word_1_187' title='bbox 272 3180 300 3258; x_wconf 86' lang='lat'>1,</span> <span class='ocrx_word' id='word_1_188' title='bbox 322 3181 359 3256; x_wconf 74' lang='lat'>33</span> <span class='ocrx_word' id='word_1_189' title='bbox 381 3179 449 3262; x_wconf 92' lang='lat' dir='ltr'>ipse</span> <span class='ocrx_word' id='word_1_190' title='bbox 467 3179 549 3264; x_wconf 81' lang='lat' dir='ltr'>(rex)</span> <span class='ocrx_word' id='word_1_191' title='bbox 570 3181 720 3263; x_wconf 83' lang='lat' dir='ltr'>praeibas</span> <span class='ocrx_word' id='word_1_192' title='bbox 744 3181 924 3265; x_wconf 85' lang='lat' dir='ltr'>agminibus</span> <span class='ocrx_word' id='word_1_193' title='bbox 946 3182 1080 3260; x_wconf 81' lang='lat' dir='ltr'>cunctis3</span> <span class='ocrx_word' id='word_1_194' title='bbox 1106 3179 1250 3264; x_wconf 87' lang='lat' dir='ltr'>XXIII,</span> <span class='ocrx_word' id='word_1_195' title='bbox 1273 3185 1302 3262; x_wconf 89' lang='grc'>6,</span> <span class='ocrx_word' id='word_1_196' title='bbox 1325 3186 1382 3246; x_wconf 86' lang='grc'>34;</span> 
     </span>
     <span class='ocr_line' id='line_1_27' title="bbox 269 3286 1383 3373; baseline 0.004 -24"><span class='ocrx_word' id='word_1_197' title='bbox 269 3286 357 3350; x_wconf 89' lang='lat' dir='ltr'>cuius</span> <span class='ocrx_word' id='word_1_198' title='bbox 374 3287 480 3370; x_wconf 90' lang='lat' dir='ltr'>(ignis)</span> <span class='ocrx_word' id='word_1_199' title='bbox 499 3289 840 3373; x_wconf 72' lang='lat' dir='ltr'>portionem&#39;exiguam</span> <span class='ocrx_word' id='word_1_200' title='bbox 855 3294 891 3353; x_wconf 92' lang='lat' dir='ltr'>ut</span> <span class='ocrx_word' id='word_1_201' title='bbox 906 3288 1044 3354; x_wconf 79' lang='lat' dir='ltr'>faustam</span> <span class='ocrx_word' id='word_1_202' title='bbox 1064 3290 1205 3372; x_wconf 89' lang='lat' dir='ltr'>praeisse</span> <span class='ocrx_word' id='word_1_203' title='bbox 1222 3290 1383 3373; x_wconf 90' lang='lat' dir='ltr'>quondam</span> 
     </span>
     <span class='ocr_line' id='line_1_28' title="bbox 268 3389 1383 3482; baseline 0.006 -26"><span class='ocrx_word' id='word_1_204' title='bbox 268 3389 422 3459; x_wconf 87' lang='lat' dir='ltr'>Asiaticis</span> <span class='ocrx_word' id='word_1_205' title='bbox 451 3393 580 3478; x_wconf 89' lang='lat' dir='ltr'>regibus</span> <span class='ocrx_word' id='word_1_206' title='bbox 609 3395 728 3462; x_wconf 92' lang='lat' dir='ltr'>dicunt.</span> <span class='ocrx_word' id='word_1_207' title='bbox 773 3397 807 3482; x_wconf 88' lang='grc'>2)</span> <span class='ocrx_word' id='word_1_208' title='bbox 834 3397 1032 3461; x_wconf 89' lang='lat' dir='ltr'>accusativus</span> <span class='ocrx_word' id='word_1_209' title='bbox 1060 3401 1239 3478; x_wconf 93' lang='lat' dir='ltr'>XXVIIII,</span> <span class='ocrx_word' id='word_1_210' title='bbox 1270 3403 1298 3476; x_wconf 85' lang='grc'>2,</span> <span class='ocrx_word' id='word_1_211' title='bbox 1330 3401 1383 3463; x_wconf 81' lang='lat'>15:</span> 
     </span>
     <span class='ocr_line' id='line_1_29' title="bbox 267 3500 1382 3590; baseline 0.007 -27"><span class='ocrx_word' id='word_1_212' title='bbox 267 3500 441 3567; x_wconf 87' lang='lat' dir='ltr'>infaustam</span> <span class='ocrx_word' id='word_1_213' title='bbox 466 3503 625 3568; x_wconf 88' lang='lat' dir='ltr'>bustuarii</span> <span class='ocrx_word' id='word_1_214' title='bbox 648 3503 805 3568; x_wconf 82' lang='lat' dir='ltr'>libitInam</span> <span class='ocrx_word' id='word_1_215' title='bbox 830 3543 868 3552; x_wconf 91' lang='lat'><em>-</em></span> <span class='ocrx_word' id='word_1_216' title='bbox 892 3505 1027 3587; x_wconf 90' lang='lat' dir='ltr'>praeire.</span> <span class='ocrx_word' id='word_1_217' title='bbox 1074 3507 1106 3589; x_wconf 89' lang='lat'>3)</span> <span class='ocrx_word' id='word_1_218' title='bbox 1135 3528 1245 3590; x_wconf 91' lang='lat' dir='ltr'>praep.</span> <span class='ocrx_word' id='word_1_219' title='bbox 1268 3511 1382 3585; x_wconf 86' lang='lat' dir='ltr'>„ante“</span> 
     </span>
     <span class='ocr_line' id='line_1_30' title="bbox 267 3608 1262 3695; baseline 0.006 -22"><span class='ocrx_word' id='word_1_220' title='bbox 267 3608 385 3689; x_wconf 92' lang='lat' dir='ltr'>XVII,</span> <span class='ocrx_word' id='word_1_221' title='bbox 411 3613 459 3690; x_wconf 91' lang='lat'>10,</span> <span class='ocrx_word' id='word_1_222' title='bbox 485 3615 540 3690; x_wconf 89' lang='grc'>12;</span> <span class='ocrx_word' id='word_1_223' title='bbox 563 3617 638 3676; x_wconf 88' lang='lat' dir='ltr'>ante</span> <span class='ocrx_word' id='word_1_224' title='bbox 661 3611 739 3676; x_wconf 89' lang='lat' dir='ltr'>alios</span> <span class='ocrx_word' id='word_1_225' title='bbox 762 3612 951 3695; x_wconf 88' lang='lat' dir='ltr'>—praeire</span> <span class='ocrx_word' id='word_1_226' title='bbox 974 3612 1037 3677; x_wconf 92' lang='lat' dir='ltr'>duo</span> <span class='ocrx_word' id='word_1_227' title='bbox 1060 3615 1196 3679; x_wconf 85' lang='lat' dir='ltr'>iuvenes.</span> <span class='ocrx_word' id='word_1_228' title='bbox 1260 3623 1262 3630; x_wconf 91' lang='lat'>&#39;</span> 
     </span>
    </p>

    <p class='ocr_par' dir='ltr' id='par_1_6' title="bbox 225 3716 1383 4562">
     <span class='ocr_line' id='line_1_31' title="bbox 225 3716 1383 3802; baseline 0.007 -22"><span class='ocrx_word' id='word_1_229' title='bbox 225 3716 394 3783; x_wconf 89' lang='lat' dir='ltr'>succedere</span> <span class='ocrx_word' id='word_1_230' title='bbox 421 3719 509 3784; x_wconf 91' lang='lat' dir='ltr'>verbi</span> <span class='ocrx_word' id='word_1_231' title='bbox 537 3724 732 3785; x_wconf 88' lang='lat' dir='ltr'>structuram</span> <span class='ocrx_word' id='word_1_232' title='bbox 762 3719 804 3783; x_wconf 82' lang='lat' dir='ltr'>A.</span> <span class='ocrx_word' id='word_1_233' title='bbox 834 3741 965 3802; x_wconf 91' lang='lat' dir='ltr'>prorsus</span> <span class='ocrx_word' id='word_1_234' title='bbox 991 3720 1058 3785; x_wconf 82' lang='lat' dir='ltr'>lere</span> <span class='ocrx_word' id='word_1_235' title='bbox 1085 3721 1127 3785; x_wconf 89' lang='lat' dir='ltr'>ad</span> <span class='ocrx_word' id='word_1_236' title='bbox 1157 3721 1320 3788; x_wconf 83' lang='lat' dir='ltr'>Ciceronis</span> <span class='ocrx_word' id='word_1_237' title='bbox 1351 3729 1383 3788; x_wconf 87' lang='lat' dir='ltr'>ct</span> 
     </span>
     <span class='ocr_line' id='line_1_32' title="bbox 266 3825 1382 3912; baseline 0.006 -22"><span class='ocrx_word' id='word_1_238' title='bbox 266 3825 350 3892; x_wconf 88' lang='lat' dir='ltr'>Livii</span> <span class='ocrx_word' id='word_1_239' title='bbox 379 3828 536 3893; x_wconf 89' lang='lat' dir='ltr'>rationem</span> <span class='ocrx_word' id='word_1_240' title='bbox 569 3827 720 3911; x_wconf 89' lang='lat' dir='ltr'>loquendi</span> <span class='ocrx_word' id='word_1_241' title='bbox 749 3826 937 3910; x_wconf 90' lang='lat' dir='ltr'>applicavit,</span> <span class='ocrx_word' id='word_1_242' title='bbox 974 3850 1046 3893; x_wconf 91' lang='lat' dir='ltr'>cum</span> <span class='ocrx_word' id='word_1_243' title='bbox 1080 3836 1209 3912; x_wconf 89' lang='lat' dir='ltr'>praeter</span> <span class='ocrx_word' id='word_1_244' title='bbox 1238 3832 1382 3897; x_wconf 91' lang='lat' dir='ltr'>dativum</span> 
     </span>
     <span class='ocr_line' id='line_1_33' title="bbox 267 3935 1382 4019; baseline 0.007 -20"><span class='ocrx_word' id='word_1_245' title='bbox 267 3935 362 4000; x_wconf 87' lang='lat' dir='ltr'>ctiam</span> <span class='ocrx_word' id='word_1_246' title='bbox 383 3938 599 4002; x_wconf 88' lang='lat' dir='ltr'>accusativum</span> <span class='ocrx_word' id='word_1_247' title='bbox 622 3940 654 4000; x_wconf 87' lang='lat' dir='ltr'>et</span> <span class='ocrx_word' id='word_1_248' title='bbox 672 3955 781 4019; x_wconf 90' lang='lat' dir='ltr'>praep.</span> <span class='ocrx_word' id='word_1_249' title='bbox 805 3936 876 4017; x_wconf 89' lang='lat' dir='ltr'>„in“</span> <span class='ocrx_word' id='word_1_250' title='bbox 897 3943 929 4001; x_wconf 89' lang='lat' dir='ltr'>et</span> <span class='ocrx_word' id='word_1_251' title='bbox 950 3937 1032 4016; x_wconf 85' lang='lat' dir='ltr'>‚,ad“</span> <span class='ocrx_word' id='word_1_252' title='bbox 1057 3938 1238 4019; x_wconf 90' lang='lat' dir='ltr'>admiserit;</span> <span class='ocrx_word' id='word_1_253' title='bbox 1263 3942 1382 4006; x_wconf 88' lang='lat' dir='ltr'>iterata</span> 
     </span>
     <span class='ocr_line' id='line_1_34' title="bbox 265 4041 1381 4129; baseline 0.007 -24"><span class='ocrx_word' id='word_1_254' title='bbox 265 4044 470 4125; x_wconf 88' lang='lat' dir='ltr'>praepositi0,</span> <span class='ocrx_word' id='word_1_255' title='bbox 493 4063 575 4127; x_wconf 89' lang='lat' dir='ltr'>quae</span> <span class='ocrx_word' id='word_1_256' title='bbox 599 4042 685 4126; x_wconf 84' lang='lat' dir='ltr'>apud</span> <span class='ocrx_word' id='word_1_257' title='bbox 709 4041 895 4108; x_wconf 83' lang='lat' dir='ltr'>Ciceronem</span> <span class='ocrx_word' id='word_1_258' title='bbox 918 4066 1044 4129; x_wconf 90' lang='lat' dir='ltr'>qnoque</span> <span class='ocrx_word' id='word_1_259' title='bbox 1067 4052 1180 4128; x_wconf 88' lang='lat' dir='ltr'>exstat,</span> <span class='ocrx_word' id='word_1_260' title='bbox 1211 4048 1381 4113; x_wconf 90' lang='lat' dir='ltr'>elocutioni</span> 
     </span>
     <span class='ocr_line' id='line_1_35' title="bbox 266 4149 1380 4239; baseline 0.008 -27"><span class='ocrx_word' id='word_1_261' title='bbox 266 4149 477 4216; x_wconf 86' lang='lat' dir='ltr'>Ammianeae</span> <span class='ocrx_word' id='word_1_262' title='bbox 497 4151 594 4216; x_wconf 90' lang='lat' dir='ltr'>deest.</span> <span class='ocrx_word' id='word_1_263' title='bbox 640 4149 772 4216; x_wconf 75' lang='lat' dir='ltr'>Tacitus</span> <span class='ocrx_word' id='word_1_264' title='bbox 794 4173 869 4216; x_wconf 92' lang='lat' dir='ltr'>vero</span> <span class='ocrx_word' id='word_1_265' title='bbox 891 4153 1016 4218; x_wconf 87' lang='lat' dir='ltr'>nonnisi</span> <span class='ocrx_word' id='word_1_266' title='bbox 1031 4156 1245 4219; x_wconf 89' lang='lat' dir='ltr'>accusativum</span> <span class='ocrx_word' id='word_1_267' title='bbox 1265 4158 1380 4239; x_wconf 83' lang='lat' dir='ltr'>posuit</span> 
     </span>
     <span class='ocr_line' id='line_1_36' title="bbox 270 4257 1381 4347; baseline 0.007 -27"><span class='ocrx_word' id='word_1_268' title='bbox 270 4257 301 4338; x_wconf 94' lang='lat'>1)</span> <span class='ocrx_word' id='word_1_269' title='bbox 328 4257 457 4324; x_wconf 87' lang='lat' dir='ltr'>Usitata</span> <span class='ocrx_word' id='word_1_270' title='bbox 484 4257 584 4324; x_wconf 93' lang='lat' dir='ltr'>dativi</span> <span class='ocrx_word' id='word_1_271' title='bbox 610 4265 772 4325; x_wconf 88' lang='lat' dir='ltr'>structura</span> <span class='ocrx_word' id='word_1_272' title='bbox 803 4261 955 4342; x_wconf 88' lang='lat' dir='ltr'>occurrit,</span> <span class='ocrx_word' id='word_1_273' title='bbox 985 4261 1041 4326; x_wconf 93' lang='lat' dir='ltr'>ubi</span> <span class='ocrx_word' id='word_1_274' title='bbox 1070 4262 1155 4327; x_wconf 87' lang='lat' dir='ltr'>idem</span> <span class='ocrx_word' id='word_1_275' title='bbox 1183 4264 1267 4328; x_wconf 88' lang='lat' dir='ltr'>valet</span> <span class='ocrx_word' id='word_1_276' title='bbox 1294 4263 1381 4347; x_wconf 92' lang='lat' dir='ltr'>quod</span> 
     </span>
     <span class='ocr_line' id='line_1_37' title="bbox 268 4366 1378 4454; baseline 0.007 -24"><span class='ocrx_word' id='word_1_277' title='bbox 268 4367 317 4444; x_wconf 80' lang='lat' dir='ltr'>„in</span> <span class='ocrx_word' id='word_1_278' title='bbox 346 4367 449 4431; x_wconf 88' lang='lat' dir='ltr'>locum</span> <span class='ocrx_word' id='word_1_279' title='bbox 476 4368 608 4433; x_wconf 89' lang='lat' dir='ltr'>alicuius</span> <span class='ocrx_word' id='word_1_280' title='bbox 639 4366 829 4432; x_wconf 82' lang='lat' dir='ltr'>succedere“</span> <span class='ocrx_word' id='word_1_281' title='bbox 850 4370 899 4434; x_wconf 89' lang='lat' dir='ltr'>vel</span> <span class='ocrx_word' id='word_1_282' title='bbox 930 4371 1071 4454; x_wconf 89' lang='lat' dir='ltr'>„aliquid</span> <span class='ocrx_word' id='word_1_283' title='bbox 1092 4373 1256 4454; x_wconf 82' lang='lat' dir='ltr'>excipere“</span> <span class='ocrx_word' id='word_1_284' title='bbox 1278 4372 1378 4454; x_wconf 89' lang='lat' dir='ltr'>XVI,</span> 
     </span>
     <span class='ocr_line' id='line_1_38' title="bbox 268 4475 1377 4562; baseline 0.006 -21"><span class='ocrx_word' id='word_1_285' title='bbox 268 4479 318 4558; x_wconf 83' lang='lat'>12,</span> <span class='ocrx_word' id='word_1_286' title='bbox 341 4478 399 4540; x_wconf 85' lang='lat'>50:</span> <span class='ocrx_word' id='word_1_287' title='bbox 431 4476 645 4543; x_wconf 88' lang='lat' dir='ltr'>succedebant</span> <span class='ocrx_word' id='word_1_288' title='bbox 666 4475 796 4542; x_wconf 88' lang='lat' dir='ltr'>barbari</span> <span class='ocrx_word' id='word_1_289' title='bbox 819 4479 1004 4562; x_wconf 88' lang='lat' dir='ltr'>superstites</span> <span class='ocrx_word' id='word_1_290' title='bbox 1030 4480 1218 4559; x_wconf 62' lang='lat' dir='ltr'>interfectis</span> <span class='ocrx_word' id='word_1_291' title='bbox 1249 4485 1377 4562; x_wconf 91' lang='lat' dir='ltr'>XVIII,</span> 
     </span>
    </p>
   </div>
   <div class='ocr_carea' id='block_1_3' title="bbox 0 0 1620 5026">
    <p class='ocr_par' dir='ltr' id='par_1_7' title="bbox 0 0 1620 5026">
     <span class='ocr_line' id='line_1_39' title="bbox 0 0 1620 5026; baseline 0 1"><span class='ocrx_word' id='word_1_292' title='bbox 0 0 1620 5026; x_wconf 95' lang='lat' dir='ltr'> </span> 
     </span>
    </p>
   </div>
  </div>
 </body>
</html>
