3276 5026
652 411 864 472 ,77-

223 581 271 657 11,
293 581 328 642 5:
360 600 457 662 quarn
484 579 523 645 ob
550 601 618 644 rem
639 581 757 647 relictis
779 579 901 646 laribus
924 585 997 663 post
1019 599 1132 662 pacem
1155 583 1187 642 et
1207 574 1339 642 foedera

218 677 400 769 petentibus
423 687 603 753 adtributis.

176 794 332 860 advehere
357 797 388 879 l)
411 816 519 878 praep.
544 797 618 878 „in‘⁴
643 802 755 876 XIIII,
780 802 809 874 6,
835 798 890 862 15:
913 793 1044 860 hostiles
1057 831 1097 841 -
1111 791 1242 857 exuviae
1255 791 1339 853 -in

218 905 330 968 urbem
362 902 514 969 advectae
543 912 626 971 sunt.
672 910 704 987 2)
733 905 861 971 dativus
897 923 1052 988 personae
1080 900 1174 981 XVI,
1210 902 1339 976 11,12:
1464 943 1468 950 -

220 1013 276 1095 qui
300 1014 522 1099 (commeatus)
546 1015 591 1078 eis
614 1035 725 1079 recens
748 1014 900 1079 advectus
919 1016 976 1077 est.

176 1119 334 1185 advocare
352 1140 423 1184 cum
438 1141 548 1204 praep.
569 1122 641 1202 „in“
657 1126 770 1202 XIIII,
791 1124 839 1198 10,
862 1123 916 1186 10:
936 1118 1091 1184 advocato
1107 1117 1140 1180 in
1158 1115 1339 1181 contionem

220 1229 370 1294 exercitu.

175 1342 327 1419 coaptare
348 1339 497 1417 XXIIII,
522 1339 552 1412 6,
576 1339 613 1401 8:
638 1335 798 1420 lamminis
821 1335 964 1419 coaptati
985 1353 1154 1417 corporum
1178 1331 1287 1396 flexus.

176 1443 348 1509 concedere
359 1469 404 1497 =
416 1445 625 1526 committere,
643 1443 730 1520 dare,
747 1442 888 1508 tribuere
906 1441 999 1523 XVI,
1021 1446 1069 1518 10,
1088 1444 1146 1507 11:
1166 1437 1352 1524 patientiae-

218 1573 282 1616 non
315 1552 485 1617 mediocris
519 1552 638 1617 indicia
671 1591 714 1599 —
745 1553 800 1615 uni
830 1551 875 1615 illi
903 1549 1120 1634 (Constantio)
1154 1561 1339 1625 concessae,

218 1659 293 1740 XX,
320 1664 353 1741 4,
385 1665 424 1724 4:
457 1661 591 1743 potioris
626 1659 760 1725 arbitrio
797 1664 913 1724 cuncta
942 1657 1119 1725 concedens
1147 1656 1339 1740 (Julianus);

219 1775 248 1851 5,
276 1773 310 1835 9:
347 1791 387 1833 ne
420 1768 602 1833 turbandae
634 1769 836 1852 dispositioni
870 1767 1033 1833 consultae
1067 1772 1193 1849 tempus
1227 1765 1341 1829 saltem

217 1877 311 1942 breve
350 1877 596 1956 concederetur;
642 1879 677 1956 8,
720 1880 778 1940 14:
823 1876 968 1941 residuos
1005 1873 1184 1940 ordinarios
1221 1871 1341 1936 iudices

218 1985 412 2069 militiaeque
435 1985 657 2050 moderatores
686 1983 920 2067 promovendos
948 1983 1082 2048 arbitrio
1109 2001 1181 2046 meo
1211 1979 1343 2046 concedi

219 2100 267 2157 eet
288 2096 555 2171 consentaneum
579 2093 689 2170 XXV,
712 2094 742 2171 9,
767 2095 800 2157 9:
825 2111 1000 2174 numquam
1024 2129 1066 2137 —
1088 2094 1248 2154 terrarum
1266 2107 1342 2170 pars

217 2200 282 2264 ulla
312 2204 497 2264 nostrarum
526 2199 567 2264 ab
601 2201 797 2282 imperatore
824 2200 874 2264 vel
901 2199 1031 2264 consule
1061 2197 1145 2264 hosti
1175 2215 1342 2272 conoessa3

216 2312 346 2389 XXVI,
369 2314 402 2389 2,
428 2312 460 2373 8:
491 2309 518 2372 si
546 2309 704 2390 patientia
728 2302 836 2373 vestra
859 2307 958 2371 ——id
986 2307 1062 2371 mihi
1086 2343 1127 2354 -·
1150 2297 1343 2369 concesserit

218 2416 332 2495 libens,
355 2421 499 2496 XXVII,
525 2419 574 2496 12,
600 2419 636 2480 8:
669 2415 866 2498 bIduumque
890 2414 932 2479 ad
954 2412 1195 2480 deliberandum
1219 2409 1344 2474 -eibi

220 2524 348 2589 concedi
378 2524 503 2590 clausos
535 2525 654 2608 petisse
677 2523 921 2602 adseverantes;
952 2521 1064 2603 XXX,
1085 2526 1115 2602 8,
1139 2524 1174 2586 9:
1204 2519 1344 2584 fructum

218 2639 417 2698 contrectare
430 2671 468 2680 -
484 2633 767 2715 sibiconcessum;
791 2629 922 2712 XXXI,
949 2635 999 2713 12,
1025 2633 1062 2696 8:
1085 2628 1118 2694 id
1140 2627 1200 2694 sihi
1216 2628 1344 2710 suisque

219 2780 261 2790 -
284 2741 462 2806 habitanda
481 2740 623 2806 Thracia
647 2742 715 2806 sola
737 2761 811 2805 curn
833 2760 950 2824 pecore
979 2740 1064 2804 omni
1094 2736 1346 2803 concederentur

194 2855 249 2938 ¹et
271 2848 437 2932 frugibus.'
469 2848 510 2913 In
531 2848 614 2912 libro
632 2847 794 2916 Vaticano
818 2853 867 2913 est
885 2847 1170 2930 „concederetur“,
1194 2844 1280 2928 quod
1303 2842 1344 2907 ab

219 2957 364 3021 omnibus
387 2956 455 3021 fere
475 2955 655 3024 editoribus
677 2962 842 3040 receptum
872 2961 928 3023 est.
974 2955 1038 3022 sed
1068 2951 1270 3020 scribendum
1298 2957 1347 3016 est

219 3085 258 3128 ex
279 3063 501 3129 emendatione
517 3063 656 3146 Hauptii
678 3063 756 3150 (ind.
780 3063 855 3130 lect.
869 3063 1001 3128 berolin.
1020 3063 1118 3146 1874)
1134 3081 1205 3126 oum
1225 3058 1346 3126 Gardt-

217 3170 359 3236 hauseno
390 3172 693 3255 „concederentur“,
723 3193 796 3237 cum
827 3171 937 3253 „sola“
960 3170 1194 3238 substantivum
1224 3166 1347 3231 intelle-

218 3277 356 3360 gendum
380 3300 448 3343 esse
468 3284 632 3362 appareat.
679 3279 966 3344 Commemorarim
981 3277 1115 3342 verbum
1138 3297 1210 3340 cum
1232 3295 1345 3358 praep.

219 3386 297 3465 „ad“
328 3393 360 3451 et
390 3388 463 3468 „in“
496 3389 640 3452 iunctum
659 3389 788 3470 saepius
820 3409 991 3454 occurrere
1022 3386 1107 3451 idern
1139 3384 1206 3448 fere
1237 3383 1345 3447 valens

218 3495 304 3578 quod
331 3495 530 3576 „coalescere
558 3495 628 3573 ad“,
662 3517 726 3579 quo
757 3519 853 3562 sensu
883 3499 1029 3579 sequitur
1064 3499 1095 3578 l)
1116 3493 1188 3574 „in“
1214 3495 1344 3572 XXIII,

220 3605 248 3678 6,
272 3607 307 3668 2;
329 3603 404 3669 Ηοο
424 3624 558 3687 regnum
576 3639 615 3650 -
633 3604 667 3668 in
689 3604 882 3671 vocabulum
899 3602 1016 3669 Parthi
1036 3602 1195 3668 concessit
1212 3601 1347 3666 Arsacis

220 3709 353 3776 obscure
368 3713 484 3796 geniti3
503 3714 534 3792 6,
552 3715 610 3776 35:
627 3713 714 3776 aucti
735 3713 850 3798 (magi)
874 3712 1032 3796 paulatim
1055 3713 1088 3776 iu
1105 3708 1347 3793 amplitudinem

220 3820 322 3900 gentis
342 3819 462 3885 solidae
485 3826 726 3896 concesserunt3
746 3823 911 3898 XXVIII,
936 3825 966 3901 3,
988 3824 1028 3884 7:
1052 3840 1136 3903 quae
1159 3818 1347 3903 (provincia)

219 3927 251 3990 in
278 3927 433 3992 dicionem
460 3935 666 3993 concesserat
693 3928 846 3993 hostium.
892 3927 928 4013 2)
961 3926 1046 4010 „ad“
1070 3929 1199 4007 XXIII,
1232 3929 1261 4006 6,
1288 3928 1345 3989 15:

220 4033 261 4098 ad
291 4056 390 4099 unum
424 4037 582 4101 concessit
615 4035 779 4121 (Assyria)
814 4036 1020 4112 vocabulum
1059 4038 1192 4113 XXXI,
1223 4037 1257 4111 2,
1293 4038 1348 4098 17;

220 4141 341 4206 Halani
357 4181 400 4190 —
416 4144 488 4208 aevi
505 4164 738 4228 -progressu
761 4140 803 4206 ad
820 4162 921 4207 unum
943 4162 1129 4208 concessere
1148 4138 1347 4205 vocabulum.
1372 4187 1375 4193 .

179 4250 348 4314 ooncfliare
371 4271 445 4314 cum
469 4250 576 4316 dativo
603 4255 635 4337 1)
657 4270 814 4335 personae
836 4253 916 4328 XV,
939 4255 989 4330 13,
1009 4253 1046 4315 4:
1072 4255 1247 4330 mutuaque
1265 4267 1349 4313 com·

220 4359 340 4423 mercia
362 4359 500 4424 vicissim
530 4358 590 4424 sibi
621 4355 839 4438 conciliando;
871 4355 1042 4439 XXVIII,
1070 4364 1104 4439 4,
1125 4359 1184 4422 32:
1211 4354 1350 4422 artifices

220 4449 380 4531 scaenarii
396 4487 454 4550 per
469 4466 579 4532 sibilos
595 4467 819 4550 exploduntur,
842 4467 943 4548 siquis
964 4465 1026 4530 sibi
1051 4483 1126 4532 aere
1148 4461 1351 4528 humiliorem
