3232 5026
698 392 721 400 ..
779 353 908 415 44..

263 537 369 603 auimo
402 539 537 604 Rufinus
569 540 783 620 subsidebat,“
808 539 991 622 Wagnerus
1026 539 1219 618 „incusaratz
1256 542 1380 601 certum

184 695 187 702 .
263 666 305 710 an
325 646 497 729 incertum,
534 649 690 713 insontem
713 648 849 712 Rufinus
876 646 1092 727 subsidebat,“
1121 667 1203 728 quae
1222 645 1381 727 scriptura

264 774 342 818 sana
371 756 529 824 sententia
560 755 712 821 destituta
741 763 806 838 est,
838 778 940 838 neque
976 755 1084 818 melius
1112 753 1380 820 Gardthausenus

266 861 467 928 distinetione
502 871 574 948 post
605 865 799 944 „incertum“
832 865 937 947 posita
969 866 1151 944 „incusarat
1182 867 1304 925 certum
1338 881 1380 924 an
1485 937 1489 944 ἱ

263 970 436 1051 incertum3
473 973 558 1040 uude
590 974 748 1039 insontem
783 971 920 1036 Rufinus
954 969 1169 1050 subsidebat,“
1205 991 1280 1032 nam
1316 989 1380 1050 quo

262 1081 445 1161 pertineant
465 1082 498 1144 in
521 1081 685 1145 enuntiato
708 1081 805 1144 verba
831 1086 972 1155 ,certum
988 1101 1030 1144 an
1046 1081 1222 1143 incertum“
1247 1097 1379 1160 prorsus

263 1208 313 1250 me
332 1186 424 1271 fugit,
458 1187 711 1254 Kellerbauerus
748 1189 925 1268 „incertum
957 1195 1081 1253 sontem
1112 1209 1154 1251 an
1188 1187 1377 1265 insontem,“

262 1293 357 1376 qnod,
381 1316 452 1360 cum
476 1295 524 1360 his
547 1295 652 1360 verbis
671 1296 820 1366 lacunam
844 1297 1018 1361 indicatam
1042 1317 1104 1360 uon
1128 1294 1268 1378 suppleri
1286 1313 1379 1377 posse

262 1410 350 1466 reete
371 1404 490 1468 indicet
512 1392 739 1469 Dederiohsius
763 1409 898 1488 (quaest.
916 1405 1127 1468 Ammianeae
1150 1401 1379 1486 grammaticae

264 1516 295 1575 et
318 1512 456 1592 criticae,
481 1511 617 1579 Monast.
642 1512 765 1581 dissert.
788 1516 871 1578 1878
894 1536 922 1596 p.
947 1517 988 1579 36
1012 1520 1082 1596 sq.),
1105 1509 1237 1595 probari
1259 1509 1378 1592 nequit.

263 1615 342 1680 Plus
360 1617 595 1700 probabilitatis
618 1618 716 1684 habet
738 1620 918 1684 emendatio
939 1618 1149 1698 Dederiohsii,
1174 1617 1228 1700 qui
1252 1613 1379 1680 dicendi

264 1725 500 1792 consuetudinis
516 1729 680 1812 scriptoris
692 1728 816 1793 ratione
827 1728 939 1793 habita
951 1727 1020 1811 (olr.
1033 1731 1144 1806 XIIII,
1160 1731 1186 1798 1,
1204 1726 1259 1802 10;
1282 1729 1309 1801 7,
1319 1725 1377 1805 203

262 1831 342 1913 XV,
375 1838 403 1912 5,
430 1837 485 1919 34)
517 1839 653 1901 coniecit
685 1838 881 1918 „incusaret
922 1857 987 1919 qna
1021 1835 1059 1898 de
1086 1855 1184 1899 causa
1212 1833 1377 1910 incertum,

262 1939 346 2004 unde
367 1943 524 2008 insontem
547 1941 683 2009 Rufinus
711 1943 924 2010 subsidebat.“
970 1942 1033 2007 Sed
1061 1964 1132 2007 eum
1156 1941 1285 2004 litterae
1313 1944 1378 2003 tra-

263 2047 349 2112 ditae
365 2055 433 2113 tam
448 2051 579 2116 mutilae
597 2055 668 2128 sint,
685 2054 736 2116 vix
753 2052 821 2116 fore
844 2057 879 2115 ut
897 2050 1123 2134 interpretibus
1146 2048 1320 2129 contingat,
1343 2052 1378 2110 ut

262 2158 399 2238 genuina
423 2161 585 2243 scriptoris
608 2161 705 2224 verba
726 2161 944 2235 restituantur,
968 2157 1194 2221 Dederiehsius
1214 2157 1282 2239 ipse
1305 2177 1378 2238 pro·

261 2263 377 2328 litetur.
421 2270 582 2348 XXVIII,
603 2271 633 2347 4,
656 2271 714 2334 22:
746 2266 921 2332 Subsident
950 2266 1048 2348 aliqui
1067 2265 1211 2349 copiosos
1233 2265 1377 2328 homines

262 2393 352 2437 senes
375 2382 433 2438 aut
454 2376 591 2441 iuvenes

218 2505 451 2586 supereminere
474 2505 605 2570 verbum
636 2511 806 2588 portarum
836 2506 1001 2589 proprium
1029 2503 1095 2583 (cfr.
1118 2503 1274 2585 Draeger,
1301 2501 1319 2566 I
1346 2524 1377 2583 p.

262 2612 339 2696 353)
368 2619 534 2677 auctorum
563 2613 758 2697 pedestrium
785 2614 907 2697 primus
933 2613 976 2678 A.
1009 2613 1173 2677 transitive
1206 2631 1377 2694 usurpasse

262 2719 387 2784 videtur
412 2725 525 2804 XXII,
551 2727 600 2804 15,
621 2726 677 2788 27:
705 2743 786 2805 quas
813 2744 921 2787 omnes
945 2722 1135 2808 (serpentes)
1158 2719 1377 2804 magnitudine
1478 2737 1480 2742 ’

261 2835 293 2892 et
314 2828 428 2894 decore
448 2832 533 2914 aspis
556 2829 650 2895 facile
671 2832 917 2916 supereminens.

217 2959 404 3042 supergredi
426 2959 514 3024 verbi
535 2961 703 3030 transitiva
723 2963 769 3026 vis
786 2962 827 3026 ab
852 2962 1029 3027 elocutione
1052 2961 1257 3024 classicorum
1281 2959 1378 3041 scrip·

260 3083 367 3131 torum
390 3067 494 3133 aliena
516 3069 598 3145 sicut
620 3068 707 3152 apud
723 3071 916 3153 posteriores
932 3077 1079 3134 auctores
1095 3069 1142 3132 ita
1156 3067 1277 3151 pluries
1291 3065 1377 3150 apud
1424 3043 1432 3060 ’

261 3176 304 3242 A.
327 3177 491 3242 invenitur.
538 3181 570 3259 1)
592 3177 727 3260 Proprie
748 3182 896 3259 XXIIII,
920 3181 950 3257 6,
975 3181 1009 3242 6:
1042 3175 1204 3260 praealtas
1231 3175 1317 3258 ripas
1345 3180 1377 3238 et

262 3282 380 3377 arduas
396 3305 619 3368 supergressus
637 3283 764 3370 (miles).
808 3287 843 3366 2)
859 3283 1015 3348 translate
1037 3287 1150 3361 XIIII,
1169 3288 1197 3364 1,
1211 3287 1242 3346 3:
1261 3281 1377 3363 Super-

262 3413 373 3476 gressa
396 3394 460 3457 iam
478 3394 666 3476 impotentia
683 3391 761 3456 fines
776 3391 983 3457 mediocrium
1000 3391 1196 3456 delictorum.
1242 3389 1377 3455 Codices

263 3501 419 3584 praebent
440 3502 632 3585 ‚‚potentia“‚
651 3523 710 3584 pro
729 3522 791 3584 quo
808 3501 966 3564 sententia
981 3499 1123 3583 postulat
1137 3497 1375 3580 „impotentia“,

255 3608 349 3691 ,quod
378 3608 563 3691 Wagnerus
597 3630 732 3691 eumque
767 3614 894 3672 secutus
923 3607 1192 3674 Gardthausenus
1223 3611 1311 3670 recte
1343 3604 1376 3666 in

261 3723 351 3782 textu
378 3723 561 3801 posuerunt,
606 3716 731 3784 Vocula
765 3717 867 3796 „iam“
899 3715 1110 3799 praecedente
1136 3712 1259 3797 syllaba
1293 3713 1373 3792 „im“

263 3825 355 3890 facile
384 3827 530 3889 excidere
562 3826 675 3908 potuit.
736 3828 765 3904 b,
794 3829 829 3889 6:
863 3825 950 3888 iussa
981 3824 1125 3888 licentius
1152 3842 1376 3906 supergressus

262 3933 423 4018 (Paulus),
467 3937 576 4012 XXV,
619 3937 656 4014 5,
690 3935 725 3998 8:
766 3933 941 4016 pericnlum
980 3955 1018 3998 ex
1063 3933 1188 3996 inimico
1232 3937 1376 3996 metuens

263 4041 419 4126 (signifer)
457 4041 522 4106 iam
560 4041 741 4106 communia
784 4063 1007 4126 supergresso;
1050 4045 1200 4120 XXVII,
1242 4045 1280 4120 6,
1320 4042 1376 4103 16;

263 4150 505 4216 Valentinianus
546 4171 666 4214 morem
702 4150 883 4214 institutum
921 4151 1096 4234 antiquitus
1135 4169 1375 4232 supergressus3

262 4263 424 4338 XXVIII,
461 4264 487 4336 1,
511 4261 569 4322 25:
604 4256 732 4322 crudele
763 4263 969 4340 praeceptum
999 4277 1237 4341 supergressum
1270 4257 1377 4319 omnia

264 4366 403 4432 diritatis
425 4366 579 4448 exempla.
