3276 5026
724 369 940 438 *34-

293 540 427 626 simplici
440 542 538 608 verbo
555 543 661 609 differt
676 543 775 624 XVI,
788 550 816 625 7,
830 547 865 609 5:
880 542 1073 608 adminicula
1089 544 1174 608 ausis
1189 542 1404 608 tumultuariis

292 651 432 716 maxima
446 657 683 735 compararunt.
714 651 846 716 Tacitus
862 652 958 717 verbo
974 652 1093 736 uquue
1108 653 1252 717 dativum
1267 651 1404 718 admisit.
1496 691 1532 760 υ,

250 765 430 842 competere
441 759 530 824 verbi
543 761 745 843 participium
756 761 786 823 vi
801 760 947 824 adiectivi
961 760 1108 824 indutum
1120 761 1278 825 invenitur
1293 758 1408 835 XVII,

295 869 344 946 13,
361 870 418 942 24ς
443 867 545 932 111111
562 867 691 950 Illyrico
710 873 882 951 conpetens
901 869 1028 952 gemina
1051 873 1098 932 est
1123 870 1247 933 ratione
1270 867 1407 934 firmata.

254 975 478 1038 consarcinare
510 973 607 1039 verbo
640 976 768 1058 proprie
800 978 904 1058 posito
933 975 1064 1040 additur
1096 973 1222 1039 dativus
1252 996 1408 1058 personae

292 1081 417 1162 XXII,
442 1085 470 1159 9,
496 1087 551 1148 11:
581 1103 675 1166 quem
699 1083 961 1166 -chlamydem
990 1083 1083 1147 huius
1106 1082 1220 1147 coloris
1249 1087 1407 1148 memorat

292 1189 352 1253 sibi
377 1191 616 1254 consarcinasse
624 1210 632 1272 ;
662 1190 818 1254 translate
841 1213 948 1274 praep.
975 1191 1045 1270 „in“
1071 1189 1195 1267 XXX,
1220 1195 1248 1272 1,
1268 1194 1304 1254 2:
1335 1211 1407 1254 con-

292 1297 477 1362 sarcinabat
503 1298 536 1361 in
570 1297 655 1361 hunc
692 1299 788 1362 etiam
815 1307 883 1362 tum
910 1299 1055 1363 adultum
1085 1299 1219 1363 crimina
1247 1299 1406 1381 quaedam

292 1403 378 1487 apud
402 1403 572 1470 Valentem
594 1411 821 1487 exaggerentes
843 1407 926 1470 male
949 1406 1093 1471 sollertes
1113 1407 1266 1470 homines.

250 1511 446 1576 consciscere
468 1509 599 1576 verbum
620 1513 652 1575 in
674 1511 813 1577 formula
834 1515 912 1578 trita
934 1513 1075 1578 dativum
1097 1533 1252 1596 personae
1274 1513 1408 1577 assumit

291 1617 415 1699 XXX,
438 1622 468 1695 5,
491 1622 544 1682 10:
568 1620 757 1684 conscivisse
780 1619 839 1684 sibi
859 1620 956 1684 alium
979 1625 1123 1685 mortam.

249 1747 440 1792 consecrare
462 1725 591 1807 XXII,
622 1731 655 1806 8,
680 1732 735 1792 35:
765 1728 947 1812 temploque
975 1733 1007 1792 et
1030 1727 1169 1791 donariis
1193 1726 1296 1791 eidem
1317 1725 1407 1790 heroi

291 1833 500 1913 consecratis;
533 1838 587 1914 14,
607 1837 640 1899 7:
675 1835 758 1900 inter
785 1835 936 1900 animalia
966 1835 1104 1917 antiquis
1132 1833 1406 1898 observationibus

291 1947 488 2006 consecrata.

249 2050 427 2113 consentire
449 2049 591 2129 verbnm,
614 2047 665 2111 cui
687 2048 762 2111 boni
781 2049 951 2130 scriptores
976 2049 1043 2112 sine
1065 2048 1128 2112 ullo
1148 2047 1328 2112 discrimine
1350 2047 1405 2111 da-

290 2157 390 2220 tivum
406 2161 438 2218 et
459 2177 568 2238 praep.
586 2160 696 2233 „oum“
711 2155 862 2235 adiciunt,
880 2156 922 2219 A.
939 2177 1011 2220 cum
1031 2157 1148 2220 iterata
1169 2156 1405 2239 praepositione

291 2264 399 2346 posuit
428 2261 570 2342 XXVI,
596 2265 631 2341 2,
661 2265 693 2326 8:
723 2263 879 2344 patientia
908 2268 1013 2327 vestra
1040 2284 1111 2326 cnm
1139 2265 1301 2346 aequitate
1332 2285 1406 2328 con-

290 2372 438 2437 sentiens.
482 2370 576 2435 Alias
598 2369 669 2434 finis
692 2371 825 2434 actionis
847 2371 1083 2453 praepositione
1107 2373 1178 2452 „in“
1199 2370 1404 2454 significatur,

290 2501 373 2563 quae
404 2484 565 2543 structura
593 2478 657 2540 iam
685 2476 771 2560 apud
800 2477 927 2542 Livium
955 2479 1093 2543 occurrit
1122 2478 1193 2562 (cfr.
1223 2478 1405 2558 Kuehnast,

289 2609 320 2670 p.
351 2589 427 2668 137)
454 2590 573 2667 XIIII,
605 2589 733 2664 10,16:
770 2586 939 2652 multitudo
975 2588 1076 2652 omnis
1110 2625 1149 2636 -
1184 2589 1343 2652 consentit
1372 2589 1405 2651 in

289 2714 418 2776 pacem,
447 2691 589 2773 XXVI,
614 2697 647 2770 6,
673 2698 729 2760 14;
760 2716 868 2760 omnes
896 2696 928 2760 in
958 2695 1024 2758 eius
1055 2693 1234 2780 (Procopii)
1264 2695 1405 2760 studium

291 2799 499 2883 consensisse,
536 2804 564 2880 7,
598 2805 651 2866 17:
684 2809 902 2885 nuncupatum
932 2803 1156 2885 imperatorem
1188 2803 1404 2886 stipatumque

290 2906 375 2972 idem
407 2907 641 2972 consentientes
670 2909 704 2972 in
735 2931 835 2975 unum
869 2909 1065 2974 reduxerunt
1095 2909 1137 2973 ad
1175 2916 1289 2976 castra.
1351 2909 1404 2976 Sic

289 3014 395 3080 locum
423 3015 550 3098 egregie
573 3017 714 3080 restituit
737 3017 1005 3083 Gardthausenus
1028 3039 1066 3082 ex
1088 3023 1240 3101 corrupta
1254 3016 1405 3085 Vaticani

290 3123 407 3189 codicis
430 3123 588 3208 scriptura
615 3126 786 3208 „stipatum
815 3125 943 3208 quidem
976 3126 1251 3192 coresenticntes“.
1297 3124 1404 3191 Oeteri

288 3231 426 3297 adltores
454 3239 643 3316 receperunt
672 3254 711 3298 ex
736 3239 830 3316 parte
860 3231 987 3299 Gelenii
1015 3233 1198 3314 lectionem,
1232 3234 1404 3316 „stipatum

289 3339 418 3423 quidem
445 3341 708 3419 consentientes“,
739 3361 777 3404 ex
806 3347 898 3424 parte
921 3341 1069 3405 Accursii
1100 3342 1335 3424 „stipatumque
1365 3339 1404 3403 de

288 3469 377 3512 more
399 3449 589 3513 sentientes“
615 3450 659 3513 sic
682 3447 856 3512 scribentes
882 3448 1117 3532 „stipatumque
1141 3448 1180 3512 de
1213 3469 1300 3513 more
1331 3469 1403 3512 con-

289 3556 491 3623 sentientes“.
537 3555 629 3641 Quae
652 3558 812 3639 scriptura
837 3556 897 3620 etsi
924 3562 1000 3638 apto
1030 3577 1124 3621 sensu
1153 3555 1403 3639 haudquaquam

289 3663 444 3728 destituta
463 3670 520 3745 est,
543 3671 652 3729 tamen
668 3663 910 3731 Gardthauseni
933 3665 1157 3743 emendationi,
1179 3685 1251 3728 cum
1272 3663 1403 3748 propius

288 3771 422 3836 accedat
443 3771 485 3836 ad
507 3773 631 3836 litteras
658 3771 830 3853 librorum,
860 3772 1083 3854 posthabenda
1113 3778 1168 3836 est.
1213 3771 1253 3836 Id
1275 3793 1403 3856 quoque

287 3878 437 3962 vulgatae
462 3878 591 3944 lectioni
620 3879 722 3944 minus
751 3879 858 3944 lavere
884 3880 1022 3961 videtur,
1052 3879 1139 3962 quod
1167 3881 1277 3963 paucis
1299 3880 1403 3945 verbis

288 3986 475 4052 intermissis
498 3986 688 4052 vocabulum
718 3992 824 4067 „mos“
850 3989 1014 4071 repetitur,
1060 3985 1155 4072 Quod
1176 4009 1251 4053 vero
1274 3988 1403 4054 Schnei-

288 4093 383 4160 derus
406 4095 620 4177 (quaestiones
642 4095 870 4172 Ammianeae,
901 4096 973 4160 diss¹
992 4095 1092 4176 hercl.
1117 4097 1199 4160 1879
1220 4118 1250 4178 p.
1274 4099 1315 4161 23
1339 4096 1402 4179 sq.)

285 4203 456 4286 legendum
485 4205 637 4287 proponit
660 4204 897 4288 „stipatumque
925 4204 990 4268 iam
1018 4204 1142 4268 curiose
1171 4205 1341 4268 sentientes
1370 4204 1403 4267 in

286 4315 403 4375 unum“
435 4310 476 4374 ab
505 4312 561 4392 iis,
594 4333 677 4394 quae
706 4312 834 4376 exhibet
854 4311 1044 4392 Vaticanus,
1083 4312 1234 4376 remotius
1266 4311 1401 4392 videtur,

287 4439 384 4504 quam
405 4425 441 4483 ut
460 4418 592 4503 probari
615 4421 725 4504 possit.
