3276 5026
714 431 924 494 „92..

281 597 399 680 XXV,
432 603 465 680 2,
497 604 529 666 6:
562 601 727 668 radiorum
761 606 907 668 flammas
940 603 1074 666 iniectas
1108 602 1246 667 nubibus
1280 599 1394 668 densis.

280 705 315 791 b)
337 713 433 791 ‚,per“
455 709 579 789 XXII,
604 714 653 789 11,
676 716 710 777 9:
733 711 856 775 iniectis
874 732 931 794 per
950 731 1049 775 crura·
1063 709 1199 776 funibus.
1244 710 1279 795 2)
1293 716 1395 775 trans·

278 813 345 880 lata
368 816 550 899 XXVIII,
576 823 607 897 1,
631 823 666 886 3:
691 821 826 884 iniecere
850 819 997 904 (Persae)
1018 820 1135 884 clausis
1155 820 1391 897 necessitatem,

277 924 420 1007 XXXI,
438 929 486 1007 10,
503 932 539 992 9:
562 926 729 1011 splendore
744 928 898 993 consimili
919 929 1094 1012 proculque
1112 929 1215 992 nitore
1235 927 1393 1012 fulgentes

280 1054 442 1099 armorum
464 1037 661 1119 imperatorii
674 1036 839 1102 'adventus
861 1037 996 1100 iniecere
1019 1035 1166 1100 barbaris
1188 1041 1317 1101 metum.

235 1139 427 1206 illacrimare
448 1141 570 1223 XXII,
587 1147 616 1224 9,
633 1147 669 1208 4:
693 1143 754 1208 hcc
776 1145 913 1210 maxime
929 1145 1090 1208 aerumnis
1108 1144 1174 1208 eius
1191 1144 1394 1208 inlacrimans

281 1248 470 1333 (Julianus),
495 1250 589 1334 quod.

235 1356 354 1422 illicere
378 1357 475 1424 verbo
505 1361 757 1442 praepositiones
787 1360 1041 1442 coniunguntur,
1071 1357 1167 1422 semel
1197 1359 1271 1439 „iu“
1303 1362 1395 1438 XVI,

280 1467 308 1545 8,
332 1469 366 1530 4:
389 1465 577 1531 versabilem
600 1467 750 1532 feminam
765 1468 856 1530 -iu
874 1467 1086 1550 periculosam
1103 1464 1251 1529 fraudem
1268 1463 1393 1542 inlexit;

279 1573 375 1638 semel
398 1574 486 1653 -„ad“
516 1580 612 1655 XXI,
640 1580 677 1658 2,
701 1582 738 1642 4:
772 1581 870 1659 utque
900 1595 1008 1639 omnes
1038 1611 1081 1621 -
1109 1572 1152 1637 ad
1179 1573 1228 1636 sui
1253 1571 1395 1636 favorem

278 1680 421 1746 inliceret
443 1681 630 1767 (Julianus).

234 1787 416 1853 illucescere
438 1791 549 1872 XXII,
570 1771 676 1869 9‚‘14:
704 1789 845 1854 salutare
869 1788 955 1853 sidus
974 1787 1125 1851 inluxisse
1149 1786 1214 1850 eois
1235 1784 1395 1868 partibus.

234 1893 366 1960 illudere
385 1895 525 1979 verbum,
550 1899 600 1962 cui
621 1897 753 1962 'Pacilus
773 1897 915 1962 dativum
938 1901 971 1961 et
993 1894 1208 1960 accusativum
1232 1898 1262 1958 et
1280 1892 1394 1959 Cicero

276 2009 444 2086 praeterea
471 2027 581 2089 praep.
614 2007 688 2088 „in“'
721 2007 863 2083 admisit,
892 2005 933 2071 A.
957 2005 1053 2069 semel
1079 2024 1151 2067 cum
1180 2000 1288 2066 dativo
1318 2022 1393 2066 con·

277 2114 399 2177 struxit.
442 2118 552 2194 XVII,
577 2118 606 2194 5,
631 2118 687 2179 13:
710 2135 782 2178 cum
798 2119 961 2196 gestarum
981 2133 1087 2176 rerum
1110 2110 1221 2176 ordine
1243 2110 1392 2193 placatae

276 2220 339 2284 siut
354 2240 452 2284 aurae
469 2221 614 2300 invidiae,
638 2243 720 2304 quae
734 2221 825 2287 uobis
838 2220 1053 2304 multipliciter
1067 2219 1255 2285 inluserunt.
1300 2217 1394 2282 Haec

275 2326 373 2392 verba
400 2329 540 2393 restituit
562 2329 726 2412 Hauptius
752 2328 829 2414 (ind.
858 2329 928 2394 lect.
949 2328 1047 2394 berol.
1074 2348 1102 2392 a.
1130 2329 1212 2392 1868
1235 2349 1265 2410 p.
1294 2330 1325 2405 9)
1355 2347 1395 2390 ex

275 2435 392 2500 codicis
415 2436 567 2503 Vaticani
600 2437 758 2521 scriptura
792 2457 890 2518 „num
924 2439 1089 2519 gestarum
1122 2454 1229 2498 rerum
1266 2432 1394 2497 ordines

275 2543 423 2626 placatae
445 2545 508 2608 siut
530 2564 624 2609 aures
644 2544 781 2610 invidiae
802 2544 906 2609 'uobis
936 2541 1153 2626 multipliciter
1177 2541 1393 2620 inluxerunt,“

275 2671 358 2733 quae
387 2657 436 2716 est
465 2653 714 2735 corruptissima.
760 2651 856 2737 Quod
888 2658 997 2716 autem
1025 2649 1267 2716 Gornelisseuus
1290 2648 1394 2732 (Mne
1431 2647 1434 2655 '

274 2779 417 2842 mosyne,
444 2759 485 2826 N.
509 2758 540 2824 S.
563 2760 623 2824 vol.
644 2765 727 2827 XIV
749 2783 778 2844 p.
803 2764 866 2826 248
889 2761 949 2845 sq.)
977 2759 1092 2823 dubius
1118 2761 1184 2839 est,
1216 2757 1393 2821 latinumne

273 2864 314 2927 sit
336 2864 417 2928 illud
433 2886 536 2946 „aura
550 2866 650 2930 illusit
666 2867 772 2946 muu‘,
796 2847 985 2952 persuasum
1001 2865 1105 2930 habeo
1124 2867 1284 2930 rationem
1308 2864 1393 2928 hanc

275 2969 401 3036 dicendi
424 2973 554 3037 nonita
583 2974 662 3038 mire
690 2974 809 3040 dictam
839 2995 921 3055 esse,
953 2979 989 3037 ut
1015 2995 1079 3037 uon
1109 2972 1185 3036 ferri
1215 2972 1329 3055 possit,
1362 2976 1394 3035 et

275 3077 449 3142 tenendum
473 3085 521 3143 est
536 3080 746 3146 Ammianuui
765 3102 828 3147 nou
847 3080 970 3165 legibus
989 3081 1181 3164 optimorum
1201 3080 1392 3162 scriptorum

275 3205 343 3250 esse
365 3186 580 3254 iudicandum.
625 3189 734 3273 Quare
758 3190 913 3273 improbo,
938 3188 1024 3272 quod
1039 3189 1106 3272 ipse
1128 3187 1298 3271 legendum
1319 3208 1393 3270 pro·

274 3295 365 3377 pouit
388 3318 494 3379 „quae
517 3296 609 3361 uobis
635 3299 819 3381 simpliciter
836 3300 1097 3364 insurrexeruut“
1114 3281 1212 3361 etiam
1236 3295 1392 3360 alitteris

276 3402 426 3471 Vaticani
449 3405 542 3468 nimis
564 3405 725 3470 recedens.

180 3494 184 3502 ’
231 3509 396 3576 imminere
416 3509 558 3594 verbum,
582 3513 633 3576 cui
654 3511 767 3578 Cicero
788 3520 820 3577 et
835 3512 947 3577 Livius
969 3513 1112 3577 dativum
1136 3517 1167 3577 et
1188 3531 1297 3594 praep.
1321 3511 1391 3588 „iu“

276 3640 301 3685 c.
335 3640 401 3684 aco.
436 3619 688 3704 adscripserunt,
724 3621 811 3704 apud
845 3621 888 3686 A.
921 3641 1047 3705 semper
1080 3621 1206 3684 dativus
1240 3622 1391 3703 sequitur.

278 3731 307 3808 1)
328 3727 466 3810 Proprie
492 3750 585 3794 sensu
608 3755 652 3782 z:
673 3728 858 3812 impendere
884 3731 968 3806 XX,
996 3731 1123 3809 11,20:
1151 3734 1311 3810 aggestus,
1338 3731 1392 3812 qui

272 3836 337 3900 iarn
366 3838 577 3901 consummati
600 3837 699 3901 muris
730 3837 825 3900 altius
859 3836 1071 3915 inminebant,
1107 3837 1243 3916 XXIII,
1276 3840 1305 3915 6,
1333 3839 1391 3901 28:

275 3944 382 4026 eisque
420 3945 542 4030 (terris)
583 3946 742 4009 maximae
779 3944 982 4008 celsitudines
1015 3943 1181 4007 imminent
1218 3945 1390 4023 montium;

275 4055 303 4129 6,
323 4054 378 4117 60:
404 4051 455 4116 cui
478 4052 666 4117 Ascanimia
697 4073 788 4116 mons
816 4053 949 4116 inminet
976 4056 1006 4114 et
1037 4049 1213 4130 Ocmedus3
1238 4054 1390 4131 XXIIII,

273 4163 304 4240 4,
330 4161 381 4225 10:
407 4160 554 4242 proclivis
582 4161 733 4243 planicies
756 4159 877 4224 flumini
899 4159 1063 4222 inminens.
1110 4161 1146 4243 2)
1170 4158 1326 4224 translato
1349 4187 1392 4216 =

273 4268 403 4347 instare,
430 4269 544 4332 minari
567 4269 601 4354 a)
626 4268 664 4332 de
691 4269 783 4332 malis
805 4269 943 4352 positum
969 4269 1084 4346 XVII,
1111 4274 1137 4347 1,
1162 4272 1198 4334 3:
1229 4267 1305 4352 quid
1328 4266 1390 4330 for·

272 4376 357 4440 tuuis
384 4376 448 4440 suis
475 4377 644 4442 inmineret
670 4378 762 4442 anxie
792 4378 971 4460 cogitantes
998 4376 1168 4462 (barbariu
1198 4375 1234 4459 b)
1258 4376 1296 4439 de
1321 4397 1390 4458 per-

272 4482 356 4548 sonis
380 4485 496 4565 XVII,
522 4489 571 4566 12,
595 4489 631 4550 4;
661 4491 869 4568 catervasque
898 4483 1060 4549 bellatoris
1089 4484 1245 4548 exercitus
1275 4481 1391 4566 iugulis
