3232 5026
612 432 885 496 .-10-

204 601 385 689 disiungere
406 603 493 670 verbi
524 611 687 670 structura
718 602 908 668 Ammiauea
936 601 1054 668 eadem
1084 607 1133 668 est
1161 623 1245 686 qnae
1273 598 1358 686 apud

206 737 210 748 ¹
247 713 418 797 scriptores
439 714 473 778 in
496 713 766 796 comparationem
783 718 931 790 vocatos:
953 715 1128 796 usurpatur
1151 711 1234 776 enim
1249 731 1360 796 praep.

249 820 329 902 ,ab“
365 826 442 903 XX,
469 825 498 901 4,
529 825 563 886 8;
582 820 638 887 ,ab
664 821 859 903 imperatore
890 840 1046 903 nusquam
1077 819 1215 903 disiungi
1243 817 1360 884 debere

246 927 446 1013 praetectum
479 929 512 992 in
539 927 655 994 ardore
681 926 871 993 terribilium
899 948 1024 1006 rerum,
1057 925 1099 992 ad
1129 947 1245 993 nomen
1271 926 1360 992 urbis

204 1097 207 1102 .
245 1038 393 1123 apposita
412 1042 462 1102 est
483 1041 594 1116 XIIII,
611 1041 640 1117 9,
653 1041 688 1103 8:
712 1056 795 1120 quae
818 1035 920 1122 (villa)
937 1034 979 1100 ab
994 1035 1171 1100 Antiochia
1190 1036 1359 1100 vicensimo

247 1151 281 1209 et
301 1151 418 1228 quarto
441 1143 632 1226 disiungitur
652 1142 767 1227 lapide.
826 1142 989 1209 Aduerbia
1015 1143 1077 1208 loci
1110 1149 1236 1208 exstant
1266 1147 1359 1222 XXI,

248 1255 296 1331 15,
320 1257 353 1317 2:
378 1272 450 1316 cum
466 1249 508 1316 ad
524 1249 744 1316 suburbanum
759 1251 897 1316 venisset
914 1250 1151 1337 (Constantius)
1168 1250 1360 1316 disiunctum

236 1359 356 1426 ,exinde
376 1359 472 1424 tertio
494 1358 618 1442 lapide3
642 1363 753 1437 XXII,
772 1358 1359 1444 16,14:0an0pusindeducdccimo

244 1465 437 1550 disiungitur
459 1465 575 1551 lapide,

203 1575 370 1660 disparare
391 1573 480 1641 verbi
502 1574 589 1659 apud
611 1572 654 1640 A.
674 1575 737 1658 legi
756 1575 852 1640 hasce
874 1579 1052 1640 structuras
1076 1573 1108 1660 1)
1134 1595 1206 1638 cum
1227 1593 1360 1658 praepo·

244 1683 410 1750 sitiouibos
438 1684 472 1770 a)
496 1682 577 1762 ,ab“
601 1687 716 1763 XIIII,
739 1685 770 1761 3,
792 1685 829 1748 3:
856 1680 981 1748 Batnae
1008 1683 1214 1767 municipium
1242 1720 1284 1730 -
1316 1678 1357 1744 ab

244 1792 413 1877 Euphrate
435 1791 563 1858 flumine
585 1791 674 1857 brevi
695 1792 799 1874 spatio
821 1789 1020 1874 disparatur;
1050 1793 1079 1869 8,
1101 1793 1138 1856 4:
1164 1791 1226 1856 hae
1248 1826 1289 1838 -
1312 1809 1359 1854 re·

242 1901 353 1985 gioms
374 1939 416 1958 -ψ
439 1900 481 1966 ab
504 1898 583 1965 orbe
598 1922 656 1965 eoo
673 1904 781 1965 monte
797 1899 928 1964 Amano
944 1897 1166 1982 disparantur3
1182 1902 1258 1976 XX,
1278 1900 1308 1975 3,
1325 1901 1357 1961 7:

202 2058 205 2063 .
242 2009 377 2074 sustinet
397 2008 475 2074 luna
497 2006 665 2086 defectum,
688 2028 759 2073 cum
779 2006 875 2090 pleno
896 2005 1015 2071 lumine
1036 2005 1211 2071 rotundato
1238 2005 1361 2088 solique

243 2116 404 2180 contraria
425 2115 466 2180 ab
498 2116 564 2180 eius
585 2113 663 2180 orbe
692 2120 820 2180 centum
848 2113 1012 2196 octoginta
1044 2112 1189 2197 partibus
1225 2147 1266 2160 -
1299 2112 1360 2177 dis-

242 2230 395 2308 paratur,
418 2228 529 2302 XXII,
553 2226 603 2303 16,
625 2229 660 2290 1:
684 2221 725 2288 ab
748 2225 900 2306 Aegypto
917 2222 1207 2305 Augustamnicam
1227 2226 1261 2284 et
1276 2219 1360 2285 Pen-

243 2331 375 2416 tapolim
399 2330 535 2415 aLibya
557 2332 688 2396 sicciore
703 2330 911 2414 disparatam.
931 2328 1179 2414 „Disparatum“
1201 2329 1361 2412 scriptura

243 2439 276 2502 in
297 2437 435 2504 editione
456 2436 583 2505 Geleuii
604 2444 719 2518 exstat,
741 2437 827 2521 quod
849 2459 922 2503 cum
940 2436 1110 2505 Gelonium
1126 2436 1253 2520 saepius
1268 2457 1360 2501 veras

243 2546 424 2614 exhibuisse
434 2546 587 2613 lectioues
607 2553 740 2622 constet,
763 2545 1014 2614 Gardthanscno
1035 2544 1208 2629 probatum
1231 2549 1287 2610 est.
1315 2543 1360 2609 Et

243 2654 374 2721 verbum
399 2654 605 2740 ,dispar-arm
628 2655 690 2724 hac
713 2661 819 2720 mente
851 2655 972 2720 dictum
1006 2655 1048 2719 ab
1083 2653 1261 2720 elocutione
1279 2654 1360 2718 Am-

175 2819 178 2827 .
243 2763 369 2828 mianea
386 2779 449 2828 non
473 2784 541 2829 esse
562 2762 708 2840 alienam,
728 2763 790 2828 loci
814 2765 957 2847 congesti
982 2762 1110 2828 abunde
1138 2761 1261 2828 docent.
1312 2763 1361 2826 At

243 2870 330 2937 haud
353 2871 418 2946 scio
440 2892 482 2937 au
507 2871 750 2952 ,dissociatam“
779 2870 821 2936 ab
848 2869 1101 2955 Eyssenhardtio
1131 2870 1265 2953 aliisque
1294 2869 1361 2935 fere

130 3037 132 3042 .
244 2979 390 3045 omnibus
412 2979 587 3045 editoribus
610 2981 643 3045 in
664 2986 754 3046 textu
775 2979 915 3064 positum
945 2978 1192 3064 praeferendum
1214 2979 1264 3057 sit,
1287 2999 1359 3043 cum

244 3087 376 3173 propius
387 3087 430 3152 ad
440 3087 591 3155 Vaticani
600 3088 723 3154 litteras
738 3087 969 3164 ,disseratam“
981 3087 1123 3153 accedat
1138 3087 1358 3168 „Dissociare“

245 3195 356 3262 eodem
390 3217 485 3261 sensu
517 3202 692 3280 usurpatur
724 3200 836 3275 XXII,
865 3199 894 3275 8,
926 3199 976 3268 33,
1004 3216 1100 3279 quem
1129 3195 1235 3260 locum
1264 3193 1359 3278 paulo

245 3304 330 3370 infra
349 3303 459 3369 affero.
481 3306 606 3385 16,10:
630 3302 734 3368 insula
749 3303 876 3370 Pharos
899 3343 941 3352 -
964 3325 984 3368 a
1006 3303 1142 3369 civitatis
1163 3303 1256 3368 litora
1275 3300 1360 3366 mille

244 3411 392 3498 passibus
415 3412 594 3496 disparata:
632 3416 778 3491 XXIIII,
803 3417 832 3490 1,
852 3416 888 3478 3:
915 3417 952 3477 ut
973 3411 1095 3482 decimo
1124 3431 1227 3495 paene
1253 3408 1360 3493 lapide

244 3521 398 3605 postremi
418 3519 662 3604 dispararentur
682 3541 703 3585 a
725 3520 884 3604 signiferis
904 3520 1031 3603 primis;
1066 3522 1193 3599 XXVI,
1216 3520 1245 3596 5,
1271 3523 1305 3595 13
1327 3517 1360 3581 in

224 3628 439 3708 suburbano,
461 3628 548 3713 quod
570 3628 767 3713 appellatum
780 3627 932 3694 Mediana
954 3649 974 3692 a
994 3627 1122 3693 civitate
1138 3625 1234 3690 tertio
1254 3623 1361 3709 lapide

246 3737 437 3821 disparatur.
482 3734 624 3802 Nomina
655 3734 782 3802 urbium
811 3757 883 3801 cum
905 3756 1051 3820 praepos
1081 3732 1162 3815 „ab“
1185 3733 1362 3816 iunguntur

244 3849 320 3927 XV,
343 3849 392 3924 11,
415 3846 451 3909 8:
474 3843 516 3910 ab
538 3844 676 3910 Arelate
695 3849 809 3937 octavo
836 3843 959 3910 decimo
986 3842 1087 3908 ferme
1119 3839 1227 3924 lapide
1253 3840 1359 3925 dispa-

198 4005 201 4008 .
244 3959 368 4032 ratum:
412 3956 513 4030 XVI,
550 3955 599 4031 12,
634 3955 689 4019 70:
720 3951 761 4017 ab
793 3954 1015 4036 Argentorato
1052 3972 1123 4016 cum
1164 3954 1361 4034 pugnaretur

245 4062 410 4127 mansione
432 4059 679 4145 quadragesima
713 4060 910 4144 disparatus:
947 4063 1041 4138 XXI,
1065 4063 1094 4138 9,
1118 4062 1152 4130 6:
1175 4057 1360 4126 Bononeam
1391 4085 1392 4088 ¹

246 4192 266 4236 a
289 4168 405 4238 Sirmio
428 4168 564 4234 miliario
587 4189 671 4234 nono
695 4167 895 4252 disparatum
928 4173 960 4233 et
991 4165 1124 4234 decimo.
1180 4163 1281 4236 Simul
1303 4161 1359 4228 ad-

244 4278 361 4345 verbiis
382 4275 501 4342 additis
537 4280 665 4357 XXIII,
691 4279 719 4353 6,
748 4279 804 4343 56:
829 4278 896 4342 eius
932 4274 1156 4359 (Bactrianae)
1188 4272 1360 4356 pleraeque

244 4394 353 4474 partes
374 4386 421 4451 ita
451 4381 488 4449 ut
517 4383 689 4468 Margiana
716 4384 828 4469 procul
858 4405 879 4450 a
901 4382 1049 4450 litoribus
1071 4387 1145 4448 sunt
1164 4380 1360 4464 disparatam

246 4498 390 4577 XXVII,
410 4499 439 4573 4,
461 4495 499 4558 4:
522 4492 691 4571 Scordisci,
713 4493 807 4576 longe
822 4513 906 4558 nunc
928 4490 969 4556 ab
991 4491 1092 4557 isdem
1113 4488 1283 4573 provinciis
1301 4487 1362 4554 dis·
