3232 5026
711 379 982 462 -acs

278 545 407 611 advenit
436 546 572 613 molliter
607 549 735 616 editum.
780 550 814 631 2)
849 571 920 614 cnm
952 548 1060 614 dativo
1094 569 1250 633 personae
1285 569 1394 632 saepe·

277 674 410 720 numero
431 676 494 720 non
529 655 630 721 solum
652 678 672 722 a
697 658 809 741 priscis
838 657 957 741 poetis,
991 677 1101 721 verum
1126 657 1223 722 etiam
1250 677 1270 720 a
1291 655 1393 738 Livio,

278 761 392 827 Tacito
412 763 509 829 verbo
540 764 665 830 adiecto
690 765 764 849 (cfr.
785 764 967 843 Lehmann,
990 763 1115 832 dissert.
1139 787 1169 848 p.
1190 769 1228 830 11
1250 770 1283 829 61
1302 785 1394 848 pogr.

277 892 306 954 p.
326 868 396 955 IX)
412 870 569 953 XVIIII,
588 879 616 952 7,
633 877 668 939 6:
686 873 741 938 lux
756 871 847 938 nobis
863 873 991 938 advenit
1007 873 1227 938 maestissima.
1270 873 1306 957 3)
1323 894 1394 938 cum

206 999 208 1002 ·
278 980 470 1063 accusativo,
488 979 543 1045 sed
561 983 684 1046 nonnisi
706 983 739 1045 in
758 981 884 1046 nomine
897 980 985 1046 urbis
998 984 1126 1061 XXVI,
1144 984 1173 1063 5,
1193 983 1229 1046 1:
1250 979 1394 1047 Naesum

276 1086 474 1153 advenerunt
496 1089 689 1174 (principes).
733 1089 933 1156 Adverbium
957 1089 1018 1155 loci
1041 1089 1136 1154 semel
1155 1088 1233 1174 legi,
1267 1093 1395 1169 XXVI,

279 1199 307 1275 7,
332 1199 388 1261 14:
411 1219 474 1280 quo
496 1219 598 1282 nuper
620 1198 795 1264 advenerat
815 1198 1030 1284 (Procopius).

233 1301 407 1370 adventare
428 1304 694 1388 frequentativum
716 1328 736 1372 a
758 1306 914 1373 Cicerone
936 1305 1055 1390 ubique
1078 1325 1150 1370 cnm
1174 1326 1284 1389 praep.
1309 1303 1389 1386 ‚,ad“

276 1413 416 1494 positum
453 1413 645 1480 Ammianus
683 1415 829 1482 omnibus
876 1415 942 1480 fere
984 1414 1062 1479 locis
1101 1435 1173 1478 cum
1211 1414 1392 1479 accusativo

277 1519 459 1587 directionis
496 1523 592 1587 etiam
637 1524 669 1589 in
707 1525 831 1608 scriptis
856 1522 997 1589 Taciteis
1025 1529 1211 1588 occurrente
1247 1523 1391 1587 iunctum

278 1627 413 1712 exhibet,
437 1631 534 1696 semel
557 1637 682 1697 tantum
704 1653 813 1716 praep.
841 1631 911 1712 „in“
938 1653 963 1697 c.
977 1631 1040 1698 abl.
1060 1652 1136 1696 usus
1157 1635 1214 1698 est.
1257 1630 1393 1713 Legitur

279 1736 312 1821 1)
342 1741 542 1805 accusativus
569 1741 690 1820 XIIII,
723 1743 772 1821 10,
798 1745 850 1807 11:
879 1738 1066 1806 barbaricos
1088 1760 1189 1823 pagos
1217 1737 1393 1804 adventans

276 1846 491 1936 (imperator);
515 1849 652 1928 XVIII,
681 1853 792 1929 2,11;
826 1869 898 1914 cum
921 1849 1022 1914 nostri
1054 1848 1159 1913 locum
1181 1846 1393 1913 adventarent

275 1956 451 2042 provisum;
475 1957 579 2040 XXI,
612 1961 661 2040 12,
684 1962 741 2023 22;
774 1957 907 2023 audiens
930 1956 1110 2042 (Julianus)
1133 1993 1176 2004 -
1198 1955 1329 2020 militem
1350 1990 1392 2001 -

277 2063 452 2128 adventare
476 2065 653 2132 Succorum
678 2064 832 2144 confinia,
855 2070 1002 2146 XXIIII,
1028 2068 1055 2140 6,
1080 2069 1118 2129 5:
1146 2085 1218 2128 cum
1240 2063 1327 2147 ripas
1350 2099 1392 2108 —

276 2171 486 2238 adventarent
521 2174 658 2260 (naves);
696 2172 814 2252 XXV,
854 2176 882 2252 6,
914 2177 951 2240 9:
990 2194 1124 2256 cumque
1160 2210 1200 2220 -
1231 2171 1392 2236 civitatem

276 2280 403 2345 nomine
426 2280 552 2346 Duram
581 2280 843 2361 adventaremus;
874 2280 1068 2361 XXVIIII,
1095 2285 1124 2360 5,
1147 2285 1203 2346 55:
1231 2301 1302 2345 cum
1324 2285 1392 2344 ten·

275 2389 361 2453 toria
384 2391 539 2455 exercitus
563 2389 752 2456 adventaret
780 2389 822 2454 ad
845 2388 1057 2456 Subicarense
1080 2390 1245 2454 castellum
1266 2388 1391 2466 locata3

276 2495 398 2577 XXX,
436 2501 465 2579 5,
508 2502 544 2564 l:
589 2499 679 2582 eique
715 2497 967 2581 (Valentiniano)
1005 2497 1150 2579 regiones
1191 2494 1390 2572 adventanti3
1432 2531 1438 2536 -

276 2607 475 2672 accusativus
493 2609 629 2674 nominis
646 2606 734 2671 urbis
750 2605 879 2671 additur
895 2604 980 2686 XX,
1006 2609 1056 2687 11,
1075 2606 1113 2670 6:
1133 2625 1204 2668 cum
1220 2601 1392 2668 Bezabden

276 2710 474 2779 adventaret.
520 2718 554 2800 2)
587 2736 697 2798 praep.
725 2715 795 2795 „in“
829 2735 854 2778 o.
888 2711 1196 2795 6111.ΧΧ,4,12;
1228 2711 1392 2794 isdemque

275 2819 522 2888 adventantibus
550 2824 582 2887 in
616 2822 816 2889 suburbanis.
862 2821 912 2887 De
948 2820 1055 2886 dativo
1088 2820 1185 2886 verbo
1219 2820 1338 2903 pluries
1371 2841 1392 2884 a

275 2927 389 2994 Tacito
411 2929 572 3016 adscripto
596 2931 667 2996 vide
689 2931 868 3011 Lehmann,
893 2928 1018 2996 dissert.
1040 2952 1071 3013 p.
1098 2933 1147 2995 11.

232 3035 383 3102 advolare
401 3037 532 3104 verbum
555 3061 594 3104 ex
616 3041 808 3125 optimorum
831 3041 1021 3122 scriptorum
1046 3059 1104 3102 usu
1125 3038 1222 3102 ctiam
1241 3057 1261 3100 a
1277 3034 1391 3101 Tacito

275 3151 404 3229 recepto
432 3148 470 3212 A.
501 3146 646 3213 adhibuit
673 3149 770 3214 semel
803 3171 874 3213 cum
903 3149 1021 3215 iterata
1055 3145 1289 3231 praepositione
1309 3143 1392 3225 XV,

275 3258 305 3334 3,
330 3257 365 3320 9:
394 3255 448 3337 qui
471 3254 634 3341 (Rufinus)
658 3256 823 3322 confestim
844 3258 937 3341 quasi
958 3256 1062 3341 pinnis
1093 3256 1196 3348 elatus
1226 3253 1267 3318 ad
1297 3253 1391 3318 comi-

274 3367 378 3426 tatum
409 3363 560 3446 principis
590 3363 764 3444 advolavit,
799 3365 897 3430 semel
926 3386 999 3429 cum
1026 3364 1208 3429 accusativo
1233 3363 1298 3427 iam
1328 3382 1391 3427 uno

274 3469 345 3534 loco
368 3468 578 3536 Ciceroniano
612 3477 757 3536 exstante
792 3493 829 3536 ac
862 3471 976 3537 deinde
1004 3492 1023 3536 a
1057 3470 1242 3555 posterioris
1276 3470 1392 3536 aetatis

275 3577 484 3660 scriptoribus
509 3580 635 3663 saepius
654 3581 687 3644 in
702 3601 795 3645 usum
812 3586 937 3660 vocato,
961 3578 1016 3644 ubi
1032 3578 1117 3644 idem
1130 3578 1288 3663 significat
1306 3567 1391 3662 qnod

277 3684 464 3764 „invadere“
490 3686 589 3769 XVI,
613 3693 642 3767 9,
666 3692 702 3754 3:
726 3694 763 3753 ut
783 3727 826 3736 —
848 3688 948 3753 latere
972 3686 1013 3752 ab
1044 3688 1129 3752 omni
1161 3709 1290 3753 securus
1321 3708 1391 3771 per-

276 3791 395 3857 duelles
417 3793 583 3860 advolaret
605 3795 766 3861 adsiduos.

232 3898 354 3964 ambire
375 3898 506 3966 verbum
527 3903 582 3986 (de
604 3925 667 3987 quo
699 3903 769 3994 vide
792 3904 930 3970 Oorssen
959 3904 1109 3986 „Ausspn
1134 3924 1165 3969 u.
1190 3902 1391 3971 Vooalismus

275 4007 304 4073 d.
322 4007 377 4074 lat.
401 4006 473 4091 Spr.
494 4014 520 4090 I,
544 4010 621 4095 162)
644 4011 726 4076 sicut
747 4012 900 4077 classicae
930 4011 1045 4076 aetatis
1076 4011 1247 4094 scriptores
1277 4012 1324 4076 ita
1350 4014 1393 4076 A.

274 4137 345 4181 cum
369 4118 550 4183 accusativo
574 4119 742 4202 copulavit.
789 4121 822 4206 1)
846 4120 1047 4203 :aliquem
1078 4119 1268 4185 conciliandi
1294 4139 1392 4184 causa

275 4224 364 4289 adire
383 4229 493 4300 XXX,
519 4230 546 4305 1,
565 4231 621 4294 19:
645 4229 699 4310 qui
714 4225 901 4311 (Traianus)
920 4225 1126 4292 inlecebrosis
1144 4247 1251 4309 regem
1268 4224 1392 4289 insidiis

274 4332 427 4399 ambiens.
479 4337 513 4419 2)
538 4363 578 4390 =
600 4335 759 4417 claudere,
782 4334 982 4400 circumdare
1004 4341 1035 4400 et
1061 4357 1143 4419 quae
1175 4339 1248 4399 sunt
1278 4332 1392 4397 similia

274 4446 385 4522 XIIII,
412 4445 442 4528 6,
465 4447 499 4507 4:
533 4444 678 4509 exomni
702 4444 798 4530 plaga
830 4466 924 4530 quam
960 4443 1046 4510 orbis
1079 4442 1181 4509 ambit
1216 4443 1390 4522 inmensus,
