3276 5026
656 436 874 499 ..70-

220 603 432 689 militaribus;
456 604 490 690 b)
511 606 667 671 translate
685 609 779 688 XXI,
806 609 855 688 13,
879 609 911 672 9:
935 610 971 670 ut
993 626 1063 670 eam
1082 605 1344 690 (multitudinem)

220 714 261 779 ad
284 712 442 780 firmanda
464 714 643 798 promptius
657 714 803 798 adigeret
820 713 1023 798 imperanda3
1051 717 1231 796 XXVIIII,
1246 715 1343 793 1,28:

227 823 334 892 adacti
354 820 397 887 ad
418 843 559 888 summas
580 824 756 906 angustias.
800 822 921 904 Locos,
949 821 1004 887 ubi
1029 820 1202 888 infinitivus
1229 829 1343 904 exstat,

220 931 350 1016 collegit
371 929 572 1015 Kallenberg
594 953 625 1016 p.
647 934 700 999 29.

178 1039 368 1105 adiudicare
390 1061 461 1104 cum
483 1039 591 1105 dativo
609 1058 766 1123 personae
788 1040 1019 1121 XVII,14,2:
1045 1037 1160 1103 harum
1178 1038 1343 1122 regionum

221 1149 361 1214 dominio
383 1148 443 1214 sibi
467 1148 664 1214 adiudicato.

180 1257 355 1341 adiungere
378 1255 475 1322 verbo
499 1257 543 1322 A.
570 1258 693 1340 pariter
715 1261 812 1340 atque
835 1254 948 1320 Cicero
972 1255 1121 1338 apposuit
1152 1255 1183 1340 1)
1204 1254 1345 1320 dativum

222 1368 256 1452 a)
285 1387 443 1450 personae
462 1370 596 1446 XXIII,
622 1370 650 1447 1,
676 1369 709 1431 1:
732 1363 902 1430 videbatur
928 1383 1045 1428 novum
1068 1363 1253 1428 adiunctum
1277 1385 1345 1429 esse

221 1474 372 1559 Augusto
396 1477 571 1560 privatum;
594 1477 702 1556 XXV,
727 1478 756 1551 5,
771 1475 806 1537 8:
830 1470 1033 1537 multitudine
1047 1493 1085 1536 ex
1097 1471 1185 1556 regio
1199 1473 1344 1556 equitatu

222 1583 374 1650 adiuncta
396 1584 454 1666 his,
477 1584 531 1667 qui
546 1582 736 1648 dimicavere
750 1579 935 1659 nobiscum;
962 1584 1089 1662 XXVI,
1103 1583 1133 1661 2,
1147 1583 1182 1645 9:
1206 1580 1344 1646 alienum

222 1691 265 1756 ad
294 1691 468 1758 amicitiam
495 1729 538 1740 —
567 1690 742 1775 adiungere
769 1687 843 1767 sibi3
882 1691 917 1768 5,
951 1690 1007 1752 14:
1034 1686 1147 1770 hisque
1175 1685 1344 1772 (Necterio

224 1806 256 1864 et
286 1798 503 1887 Masaucioni)
538 1839 578 1847 —
611 1799 787 1864 scutarium
817 1794 962 1862 adiunxit
992 1793 1225 1875 Gaudentium
1259 1800 1344 1878 6,1:

224 1907 394 1972 adiunctus
410 1907 614 1992 (Procopius)
631 1906 791 1972 consortio
810 1904 970 1970 comitum.
1000 1902 1034 1984 b)
1050 1905 1097 1988 rei
1111 1907 1238 1986 XXVI,
1250 1911 1278 1983 7,
1292 1908 1344 1971 ll:

223 2015 369 2099 adiungit
400 2015 449 2080 his
481 2015 568 2080 aliud
593 2016 692 2081 veloci
720 2014 886 2098 diligentia
908 2011 1154 2092 maturandum,
1182 2017 1344 2094 XXVIII,

226 2127 254 2203 1,
267 2125 321 2187 48:
345 2122 545 2188 Adiunctum
558 2129 606 2187 est
617 2123 666 2187 his
679 2121 766 2188 aliud
779 2121 859 2186 haut
875 2119 985 2184 mitius
1008 2119 1135 2190 malum.
1180 2121 1215 2206 2)
1235 2141 1344 2204 praep.

227 2229 307 2310 „ad“
333 2235 513 2310 XXVIIII,
535 2234 565 2312 2,
591 2234 644 2295 12:
677 2229 764 2313 quod
791 2269 833 2275 -
860 2227 1030 2312 nihil(que)
1051 2229 1092 2292 sit
1111 2234 1177 2292 tam
1201 2229 1344 2312 iniquum

225 2359 322 2420 quam
345 2338 386 2402 ad
410 2336 513 2404 ardua
535 2338 659 2422 imperii
682 2336 851 2420 supercilia
868 2335 964 2401 etiam
982 2335 1194 2401 acerbitatem
1208 2342 1344 2403 naturae

224 2444 365 2530 adiungi.
394 2445 452 2511 'In
472 2445 555 2512 libro
574 2444 733 2512 Vaticano
746 2450 819 2528 post
835 2465 945 2510 vocem
963 2449 1068 2526 „tam“
1094 2444 1210 2512 lacuna
1231 2451 1345 2526 exstat,

225 2575 322 2637 quam
353 2553 506 2622 Gelenius
539 2553 728 2619 vocabulum
761 2554 955 2638 „iniquum“,
990 2553 1166 2619 Accursius
1199 2553 1341 2635 „dirum“

224 2663 368 2728 niserens
392 2662 537 2747 explevit,
560 2683 633 2728 cum
651 2661 798 2728 Valesius
820 2662 891 2729 loco
915 2661 1127 2728 Ciceroniano
1149 2662 1191 2728 ad
1214 2662 1254 2748 Q.
1272 2663 1344 2730 oar

228 2775 255 2851 1,
279 2774 328 2852 13,
344 2776 385 2838 37
405 2771 564 2836 adductus
584 2772 617 2835 in
640 2771 784 2836 ordinem
804 2770 975 2837 verborum
996 2769 1138 2836 intulerit
1162 2770 1342 2852 „deforme“

226 2876 393 2961 Wagnero
417 2885 448 2943 et
471 2878 725 2964 Eyssenhardtio
748 2878 930 2963 probatum.
974 2876 1038 2942 Sed
1059 2899 1130 2943 cum
1153 2879 1345 2944 Ammianus

228 2984 332 3051 locum
356 2984 519 3052 Ciceronis
541 3007 605 3051 non
624 2985 665 3051 ad
689 2987 818 3054 verbum
845 2986 1055 3069 exscripserit,
1078 2985 1134 3051 sed
1155 2988 1344 3052 sententiam

225 3095 258 3163 in
285 3094 466 3158 universum
498 3099 625 3159 tantum
654 3095 845 3176 reddiderit,
876 3096 908 3158 in
938 3100 1059 3158 textum
1089 3101 1252 3178 receptam
1274 3095 1345 3161 volo

231 3199 357 3267 Gelenii
379 3198 562 3283 lectionem,
587 3222 681 3284 quem
704 3223 797 3267 veras
821 3203 997 3285 scripturas
1019 3202 1144 3284 saepius
1167 3202 1345 3268 exhibuisse

226 3314 316 3374 const
339 3314 361 3375 t.
373 3306 497 3392 -Quo
510 3308 551 3372 ab
564 3331 623 3373 usu
639 3309 791 3393 loquendi
803 3307 913 3374 Livius
925 3313 956 3375 et
968 3307 1099 3375 Tacitus
1111 3311 1157 3375 ita
1169 3309 1344 3393 discedunt,

225 3423 262 3482 ut
280 3416 333 3481 ille
353 3417 592 3500 praepositione
617 3419 700 3501 ‚,in“,
722 3418 774 3484 hic
796 3419 921 3482 nonnisi
943 3418 1050 3484 dativo
1072 3425 1190 3484 utatur.

184 3526 312 3591 allicere
335 3525 466 3590 verbum
489 3527 616 3592 asciscit
637 3527 890 3610 praepositiones
915 3528 948 3613 1)
971 3526 1051 3608 „ad“
1076 3533 1113 3593 ut
1129 3528 1247 3611 ubique
1258 3528 1345 3612 apud

226 3632 413 3700 Ciceronem
436 3639 537 3716 XXI,
561 3639 612 3715 12,
637 3641 671 3700 4;
702 3634 744 3700 ad
772 3635 966 3701 deditIonem
988 3636 1129 3702 'allicere
1147 3636 1344 3716 defensores3

226 3747 392 3821 XXVIII,
422 3748 455 3819 4,
486 3746 542 3808 22:
582 3743 625 3808 ad
653 3743 833 3809 voluntates
864 3743 1046 3809 condendas
1084 3743 1257 3809 allicientes
1291 3765 1344 3810 eos

224 3852 406 3935 praestigiis
422 3852 527 3933 miris,
544 3857 723 3935 XXVIIII,
741 3856 771 3935 5,
786 3857 841 3919 33:
862 3874 946 3918 nuno
964 3853 1088 3934 timore,
1109 3873 1193 3918 nunc
1209 3853 1345 3918 nummis

229 3981 282 4025 eos
301 3959 344 4024 ad
364 3961 548 4027 societatem
571 3961 727 4040 alliciens3
762 3959 907 4040 XXXI,
933 3963 989 4043 12,
1010 3963 1045 4026 9:
1078 3958 1120 4025 ad
1144 3959 1345 4026 condiciones

227 4069 274 4134 rei
292 4067 460 4135 Romanae
482 4068 669 4153 profuturas
689 4070 815 4135 allicere
837 4068 1042 4154 (populares),
1086 4072 1117 4150 2)
1134 4090 1245 4153 praep.
1272 4070 1342 4150 „in“

228 4182 321 4258 XXI,
346 4181 374 4259 1,
401 4182 433 4242 l:
467 4177 632 4262 ambigens
655 4177 836 4264 (Julianus)
858 4183 965 4242 utrum
985 4175 1218 4244 Constantinus
1242 4177 1344 4242 modis

229 4285 375 4352 omnibus
398 4286 542 4352 alliceret
562 4286 595 4352 in
616 4286 830 4352 concordiam.

187 4394 327 4460 alludere
354 4393 444 4460 verbi
471 4417 491 4460 a
521 4394 660 4463 classicis
686 4394 895 4480 scriptoribus
922 4394 1071 4459 nonnisi
1100 4393 1245 4460 absolute
1269 4395 1345 4460 dicti

229 4503 423 4586 praepositio
446 4503 532 4586 apud
555 4503 597 4573 A.
619 4511 655 4570 ut
678 4504 764 4588 apud
787 4503 973 4570 Terentium
986 4508 1017 4567 et
1027 4502 1193 4568 Justinum
1209 4503 1345 4568 iteratur
