3276 5026
726 395 937 472 ..aad

295 563 408 644 Cicero
440 569 619 662 promiscue
651 570 793 646 dativum
822 585 853 645 et
876 599 984 665 praep.
1012 579 1086 662 „in“
1114 593 1138 644 c.
1162 587 1227 645 aco.
1246 573 1278 642 et
1300 593 1326 640 c.
1347 562 1407 639 abl.

294 687 445 758 exhibuit.
1167 681 1168 690 ’

252 799 415 882 inserpere
442 797 574 864 verbum
602 799 698 863 semel
724 798 880 864 translate
907 804 1096 882 usurpatum
1118 796 1244 860 dativus
1266 795 1410 878 sequitur

296 909 427 986 XXXI,
464 909 513 988 10,
550 909 602 973 18:
637 906 712 979 dum
747 908 842 972 etiam
876 913 941 997 tam
972 907 1090 989 lanugo
1118 892 1411 988 genis‘inserperet

295 1015 446 1096 speciosa.

252 1123 414 1187 insinuare
437 1121 569 1187 verbum
603 1143 622 1188 a
649 1120 741 1187 Livio
772 1121 909 1207 indeque
937 1121 978 1186 ab
1005 1122 1072 1186 eius
1099 1126 1205 1187 aetate
1228 1120 1411 1204 saepissime

279 1253 367 1318 ‘cum
402 1231 509 1296 dativo
545 1239 763 1297 constructum
798 1234 894 1297 etiam
923 1232 1009 1316 apud
1044 1234 1082 1296 A.
1114 1231 1253 1296 dativum
1278 1229 1412 1294 assumit

295 1344 403 1422 XXV,
428 1341 798 1424 8,12:¹provinciarum
826 1342 1022 1425 militiaeque
1050 1340 1227 1405 rectoribus
1250 1339 1412 1402 insinuare

294 1449 367 1511 novi
406 1449 559 1532 principis
592 1449 721 1532 scripta.
774 1447 894 1513 Contra
922 1447 1036 1514 Cicero
1071 1470 1135 1513 uno
1165 1449 1234 1512 loco
1269 1453 1412 1530 excepte,

295 1555 349 1621 ubi
371 1556 514 1622 dativum
535 1576 692 1639 personae
716 1556 852 1638 exhibet,
875 1557 1144 1640 praepositionem
1167 1557 1304 1621 iteravit.

253 1666 375 1731 instare
403 1664 492 1730 verbi
518 1670 714 1730 structuram
737 1665 780 1730 A.
804 1664 847 1728 ad
871 1666 1028 1729 rationem
1058 1665 1198 1730 omnium
1223 1663 1289 1728 fere
1317 1663 1413 1744 scrip·
1478 1675 1482 1685 '

296 1777 402 1838 torum
425 1773 607 1856 applicavit,
628 1793 700 1836 cum
722 1772 841 1854 ubique
864 1771 1007 1837 dativum
1030 1774 1181 1856 posuerit.
1226 1771 1364 1854 Propria
1384 1770 1414 1833 vi

295 1882 329 1964 a)
367 1914 410 1941 :z
440 1881 472 1944 in
505 1880 575 1945 loco
605 1881 713 1963 aliquo
745 1886 831 1943 stare
861 1883 988 1957 XXVI,
1020 1882 1049 1957 8,
1074 1883 1109 1945 9:
1146 1879 1242 1962 primi
1266 1877 1415 1942 transtris

294 1989 459 2054 instabant
490 1990 614 2053 armati.
660 1988 693 2072 b)
715 2017 757 2044 =
781 1987 931 2070 subsequi
953 1991 1085 2068 XXVI,
1105 1991 1147 2069 '8,
1171 1991 1208 2052 3:
1242 1988 1415 2052 instantem

295 2097 436 2180 vestigiis
467 2097 601 2161 hostem.
648 2095 806 2160 Admixta
837 2102 885 2160 est
913 2095 1091 2176 „hostiliter
1114 2095 1412 2179 appropinquandi“

295 2206 383 2268 notio
410 2209 496 2282 XX,
521 2210 550 2286 7,
579 2209 613 2270 b:
652 2203 826 2268 Persarum
854 2204 991 2288 populus
1021 2205 1123 2268 omnis
1155 2242 1198 2250 -
1224 2202 1367 2267 instabat
1386 2203 1416 2265 vi

296 2333 413 2394 magna
431 2312 652 2377 resistentibus
666 2311 842 2396 oppidanis.
881 2311 1071 2392 „Instabat“
1098 2333 1114 2376 e
1134 2311 1260 2377 Gelenii
1278 2312 1417 2376 editione

296 2421 422 2503 saepius
457 2441 566 2484 ueram
599 2421 767 2485 lectionem
802 2419 1028 2502 suppeditante
1064 2417 1418 2508 assumptnn1.Gardt·

295 2527 472 2592 hausenum
485 2549 541 2591 sno
554 2529 622 2591 iure
634 2529 666 2590 in
681 2526 824 2592 ordinem
841 2528 1011 2592 verborum
1034 2528 1205 2591 inseruisse
1227 2547 1415 2608 persuasum

296 2635 408 2714 habeo,
432 2657 501 2700 cum
517 2636 611 2700 nexui
627 2636 858 2700 sententiarum
879 2635 1077 2718 aptissimum
1089 2634 1236 2699 videatur
1251 2637 1417 2718 magisque

296 2743 423 2826 placeat
462 2765 557 2826 quam
593 2743 742 2807 Accursii
782 2743 876 2807 lectio
913 2743 1125 2823 „dimicabat“
1162 2742 1416 2826 Eyssenhardtio
1464 2797 1467 2802 .

296 2851 441 2933 probata.
500 2850 656 2916 Codicum
683 2849 745 2917 VP
780 2852 941 2934 scriptura
972 2851 1144 2932 „dicabat“
1173 2859 1325 2935 corrupta
1358 2858 1415 2916 cst.

299 2962 348 3039 11,
372 2963 428 3024 23:
457 2960 596 3043 dumque
620 2957 761 3024 Romani
782 2981 866 3023 nunc
887 2961 1009 3023 instant
1031 2958 1217 3023 cadentibus
1240 2960 1416 3042 oppidanis,

296 3067 437 3136 Notiora
460 3069 618 3136 translata
641 3074 673 3149 a)
695 3098 739 3124 =
760 3067 866 3131 invehi
888 3068 920 3131 in
945 3068 1091 3149 aliquem,
1114 3068 1277 3150 instigare,
1301 3090 1415 3150 urgere

296 3176 329 3258 α)
352 3176 477 3239 dativus
499 3197 658 3259 personae
691 3179 789 3256 XVI,
812 3178 841 3253 6,
867 3177 899 3238 1:
930 3174 1136 3257 instabatque
1163 3177 1191 3239 ei
1217 3175 1416 3260 (Arbetioni)

298 3289 441 3365 strepens
469 3284 611 3346 inmania
644 3304 749 3347 comes
777 3282 974 3349 Verissimus
983 3305 991 3368 3
1029 3287 1137 3361 XXV,
1163 3287 1190 3361 7,
1217 3285 1270 3349 10:
1307 3283 1416 3348 adula-

298 3396 403 3454 torum
434 3390 548 3473 globus
570 3392 713 3456 instabat
731 3390 847 3458 ,timido
870 3391 1013 3472 principi.
1059 3392 1092 3473 β)
1119 3392 1166 3454 rei
1188 3395 1305 3472 XVII,
1327 3393 1356 3472 9,
1381 3396 1415 3456 4:

299 3519 370 3562 cum
388 3499 507 3562 ultimis
519 3499 659 3568 hostium
674 3499 749 3563 fatis
763 3490 927 3564 instamus.
960 3498 994 3582 b)
1011 3529 1054 3554 τ-
1069 3498 1261 3577 incumbere,
1285 3520 1415 3582 operam

300 3604 377 3669 dare
400 3610 544 3684 XVIIII,
572 3613 598 3686 1,
617 3609 649 3671 6:
673 3606 834 3671 eruendae
858 3606 945 3671 urbis
968 3614 1127 3689 apparatu
1150 3605 1270 3671 nisibus
1291 3607 1416 3689 magnis

298 3712 456 3792 instabat;
480 3718 591 3795 XXII,
608 3717 635 3792 7,
647 3719 683 3778 7:
709 3735 781 3777 cum
801 3713 999 3796 corrigendis
1019 3714 1163 3778 civilibus
1185 3715 1230 3778 ita
1247 3715 1415 3797 diligenter

299 3821 435 3884 instaret
449 3820 487 3903 (J
490 3823 643 3903 chenus),
669 3817 796 3904 XXIII,
820 3826 892 3904 1,3:
917 3843 989 3888 cum
1011 3823 1121 3905 itaque
1136 3825 1183 3887 rei
1194 3822 1277 3888 idem
1290 3822 1416 3888 sortiter

299 3928 435 3992 instaret
456 3929 602 4014 Alypius,

259 4036 413 4100 insultare
436 4039 568 4104 verbum
592 4061 611 4104 a
635 4038 789 4104 Cicerone
812 4061 884 4106 oum.
905 4063 1013 4124 praep.
1037 4041 1110 4123 „in“
1139 4063 1164 4106 c.
1195 4063 1259 4108 acc.
1290 4049 1415 4108 etcum

300 4145 408 4210 dativo
430 4148 570 4229 positum
594 4148 786 4213 Ammianus
798 4150 824 4234 ²)
846 4148 963 4232 ubique
979 4171 1051 4214 cum
1064 4149 1170 4214 dativo
1184 4151 1278 4214 etiam
1292 4173 1311 4214 a
1324 4151 1414 4216 Livio

259 4255 566 4266 *ιι-*-

329 4298 347 4363 ¹)
366 4295 446 4347 Errat
461 4294 545 4362 igitur
564 4295 724 4364 Draegerns,
747 4295 774 4348 lI
797 4311 822 4363 p.
841 4297 904 4364 350,
928 4312 987 4350 cum
1010 4296 1130 4361 uerbum,
1152 4297 1312 4365 „insultare“
1334 4298 1414 4352 etiam

257 4382 291 4438 ab
313 4383 456 4436 Ammiano
474 4398 532 4435 cnm
550 4382 704 4436 accusativo
724 4383 848 4450 coniungi
868 4383 948 4437 dicat.

1289 4487 1303 4544 7
