3276 5026
669 421 903 484 -118-

247 588 355 670 vigore
387 589 485 653 animi
520 592 704 668 antistaret;
738 589 881 670 XXXI,
911 593 941 671 4,
973 593 1008 656 9:
1039 587 1154 674 quibus
1189 586 1364 673 Lupicinus

247 697 427 763 antistabat
449 704 481 763 et
504 699 671 766 Maximus.

203 804 429 870 circumcidere
451 807 601 883 XVIIII,
623 811 653 890 3,
679 813 717 876 2:
747 815 784 874 ut
813 809 952 892 amplam
983 828 1109 873 omnem
1139 805 1364 892 adipiscendae

246 912 350 1002 landis
375 914 533 980 decessori
552 938 609 981 suo
631 917 757 983 ardenti
779 917 884 982 studio
908 917 1029 998 gloriae
1050 915 1302 983 circumcideret.

203 1019 448 1086 circumflectere
472 1023 669 1107 XXVIIII,
694 1030 721 1107 1,
745 1029 802 1092 31:
821 1026 926 1090 torulo
950 1025 1047 1108 capiti
1072 1023 1284 1090 circumflexo.

707 1177 792 1281 Cap.
820 1177 864 1266 V.

289 1337 463 1422 Reliquum
487 1344 544 1420 est,
567 1344 604 1404 ut
627 1359 665 1402 ea
687 1338 784 1402 verba
807 1341 983 1421 composita
1007 1337 1148 1418 afferam,
1171 1359 1254 1422 quae
1278 1337 1363 1422 apud
1421 1403 1424 1408 .

202 1444 408 1512 Ammianum
438 1447 578 1528 regimen
611 1445 757 1528 ,aliquid
782 1446 895 1510 alicui“
921 1452 953 1511 et
988 1446 1146 1532 „aliquem
1169 1446 1278 1530 aliqua
1304 1451 1359 1510 re“

203 1552 377 1618 admittunt
388 1555 412 1639 ¹)
437 1560 468 1618 et
489 1575 573 1638 quae
593 1557 651 1619 etsi
674 1556 802 1638 saepius
824 1555 1009 1638 maioreque
1030 1577 1103 1620 oum
1125 1552 1254 1620 licentia
1275 1554 1361 1638 apud

202 1666 315 1742 poetas
337 1664 554 1746 reperiuntur,
583 1676 690 1728 tamon
724 1665 820 1728 etiam
851 1664 892 1728 ab
922 1665 1049 1747 optimis
1071 1686 1186 1748 prosae
1210 1664 1363 1734 orationis

203 1771 413 1854 scriptoribus
423 1772 483 1837 hoo
501 1773 595 1837 modo
608 1779 815 1858 usurpantur.
845 1772 991 1856 Quorum
1003 1773 1172 1838 verborum
1184 1778 1363 1838 structuras

204 1878 230 1940 si
251 1878 422 1961 intuemur,
447 1880 571 1944 dativus
593 1881 649 1944 ubi
671 1881 788 1964 legitur
800 1882 877 1964 quin
894 1880 933 1945 ad
947 1882 1104 1946 rationem
1116 1881 1203 1946 illam
1219 1881 1361 1958 localem,

203 2008 286 2070 quae
316 1989 429 2053 ceteris
462 1988 567 2052 verbis
602 1989 743 2054 dativum
771 1989 1006 2073 requirentibus
1029 1989 1148 2071 subest,
1176 1989 1361 2054 referendus

203 2095 244 2157 sit
265 2115 329 2159 non
359 2102 408 2160 est
429 2095 570 2162 dubium.
615 2095 673 2162 Sin
695 2103 800 2161 autem
825 2098 962 2161 alteram
985 2103 1180 2162 structuram
1202 2102 1362 2178 contemp-

202 2201 315 2280 lamur,
338 2205 500 2267 notionem
526 2204 642 2268 horum
672 2204 841 2288 verborum
870 2225 1002 2288 prorsus
1026 2205 1122 2269 aliam
1150 2225 1217 2270 esse
1242 2204 1362 2268 factam

177 2308 296 2374 danila
329 2313 559 2394 cognoscimus,
597 2333 668 2376 cum
710 2317 766 2376 aut
802 2311 844 2375 ad
882 2313 1063 2394 generalem
1100 2313 1361 2396 significationem

203 2418 340 2483 ornandi
371 2420 420 2484 vel
447 2420 600 2484 vestiendi
628 2442 661 2484 se
691 2421 903 2504 applicuerint
927 2427 983 2486 aut
1012 2422 1054 2486 ad
1083 2422 1180 2486 verba
1207 2422 1361 2506 simplicia

202 2526 364 2608 redierint,
388 2530 434 2592 ita
447 2535 652 2613 utnusquam
670 2531 782 2594 melius
797 2531 943 2614 perspici,
955 2536 1076 2613 quanta
1087 2531 1119 2594 in
1132 2530 1362 2614 significatione

200 2635 248 2698 vis
271 2634 369 2700 fuerit
386 2636 428 2700 ad
449 2638 537 2702 verbi
561 2643 755 2703 structuram
772 2639 1026 2704 constituendam
1047 2639 1243 2722 Oostorberg
1253 2661 1284 2722 p.
1300 2642 1360 2704 105

202 2764 259 2806 suo
281 2744 350 2808 iure
373 2743 467 2809 dicat,
518 2745 625 2813 Verba
647 2746 711 2810 huc
735 2748 913 2831 spectantia
935 2749 1039 2812 inveni
1062 2748 1150 2812 haec.

202 2870 345 2954 affligere
369 2873 499 2937 verbum
521 2882 738 2940 constructum
766 2877 934 2942 exhibetur
965 2881 994 2957 1)
1018 2899 1089 2942 cum
1113 2877 1236 2958 dativo,
1267 2899 1362 2960 quem

215 3004 218 3010 ·
245 3001 370 3063 semper
402 2980 512 3046 Livius
547 2990 579 3047 et
605 2983 738 3048 Tacitus
765 2992 941 3068 posuerunt
968 2985 1089 3065 VIIII,
1113 2989 1143 3062 5,
1167 2990 1200 3052 6:
1229 2986 1360 3053 vinculis

245 3088 388 3154 membra
419 3091 630 3173 ingenuorum
666 3093 836 3179 adfligens3
873 3094 982 3174 XVI,
1016 3098 1043 3174 1,
1073 3099 1108 3158 5:
1140 3094 1216 3160 alibi
1246 3116 1360 3158 manus

245 3197 364 3260 catenis
393 3195 517 3262 adflixit
547 3197 743 3286 (Julianus);
773 3203 933 3283 XVIIII,
959 3203 1356 3287 11,12:·stipat0res-

244 3305 338 3386 pauci
367 3345 410 3351 -
436 3306 629 3388 ponderibus
659 3309 915 3391 superruentium
943 3309 1017 3373 solis
1047 3309 1175 3374 adflicti.
1222 3312 1254 3390 2)
1287 3331 1359 3374 aum

245 3411 384 3477 ablativo
407 3415 616 3496 XIIII,2,1;
639 3415 673 3480 N
675 3438 709 3481 ec
731 3437 807 3480 sane
828 3417 908 3481 haec
931 3418 999 3482 sola
1021 3419 1178 3501 pernicies
1205 3418 1359 3482 orientem

244 3519 386 3584 dirersis·
400 3520 545 3586 cladibus
569 3521 759 3606 adfligebat,
787 3525 868 3604 XV,
893 3528 923 3605 3,
947 3529 981 3588 2:
1004 3525 1083 3590 alios
1104 3525 1288 3591 verberibus
1310 3525 1359 3589 vel

245 3628 412 3692 tormentis
436 3629 581 3695 adflictos
605 3633 726 3696 exulari
749 3653 853 3716 poena
875 3632 1085 3713 damnarunt3
1108 3635 1228 3711 XXII,
1253 3636 1302 3711 16,
1325 3635 1358 3698 9:

243 3735 304 3799 hoc
326 3735 400 3800 litus
422 3758 494 3802 cum
517 3757 555 3787 ’-
580 3739 748 3823 adfligeret
770 3721 907 3805 antebac
923 3742 1110 3824 navigantes
1127 3741 1359 3806 discriminibus

244 3843 404 3926 plurimis3
445 3845 566 3926 XXV,
599 3850 654 3926 10,
679 3851 715 3912 4:
756 3869 969 3932 curarumque
999 3848 1194 3932 ponderibus
1228 3847 1359 3914 dirersis

244 3949 409 4016 adflictum
437 3953 653 4038 (principem),
686 3957 826 4037 XXVI,
859 3961 887 4032 5,
918 3963 953 4021 b:
985 3957 1148 4040 omnisque
1178 3957 1229 4022 hle
1256 3979 1359 4022 annus
1407 3975 1410 3979 ·

245 4058 418 4142 dispendiis
448 4061 598 4144 gravibus
627 4084 694 4127 rem
719 4063 899 4128 Romanam
927 4065 1067 4143 adflixit3
1095 4065 1253 4144 XXVII,
1275 4069 1304 4140 5,
1324 4068 1357 4130 8:

244 4174 415 4253 antequam
451 4210 494 4217 —-
527 4193 593 4236 rem
625 4172 786 4254 publicam
819 4173 982 4239 funeribus
1021 4181 1176 4258 perpetuo
1205 4171 1358 4239 deflendis

273 4317 291 4378 ¹)
311 4313 398 4368 Multa
417 4321 551 4382 praetcrea
568 4319 646 4371 verba
658 4319 685 4372 in
703 4319 808 4373 schedis
826 4318 1021 4390 adnotaveram,
1040 4319 1231 4388 quibussolum
1242 4319 1357 4388 regimen

202 4401 333 4470 „aliquem
343 4404 385 4456 rel
394 4403 496 4472 aliquid
505 4405 595 4473 aliqua
604 4409 646 4460 ro“
667 4408 690 4460 Α
712 4407 837 4470 subiecIt3
855 4408 900 4462 scd
919 4426 951 4463 ne
969 4407 1123 4463 dissertatio
1142 4411 1206 4463 fines
1216 4407 1358 4472 excederet,

201 4491 269 4545 satis
288 4490 372 4548 habco
392 4492 419 4548 id
439 4509 664 4553 commemorasse.
