3232 5026
719 336 934 443 ..⁸23-

288 552 432 631 Tanaim
456 557 488 634 8,
511 556 564 618 43:
589 574 685 635 quam
708 551 875 638 (insulam)
899 546 1129 615 circumcolunt
1143 543 1349 629 Trogodytae
1372 548 1405 609 et

286 660 417 726 Peucini
449 661 650 744 minoresque
683 661 765 726 aliae
798 664 919 742 gentes.
964 656 1030 721 Pro
1065 652 1210 720 codicum
1244 654 1403 738 scriptura
1434 727 1436 732 ¹

287 767 425 850 ,Peuci“
457 767 726 834 Gardthausenus
755 766 866 851 procul
894 764 991 829 dubio
1017 768 1103 828 recte
1133 763 1236 828 textui
1262 760 1403 826 restituit

289 875 459 956 ,Peucini“
492 875 635 954 formam,
672 897 753 958 quae
790 877 854 939 iam
885 875 917 938 in
951 872 1089 938 editione
1124 870 1250 938 Gelenii
1276 869 1402 954 legitur.

288 983 359 1066 (cfr.
383 1005 453 1048 con.
478 984 636 1049 Ammian.
657 1005 687 1066 p.
706 987 766 1064 16).
800 981 958 1062 XXVII,
981 984 1010 1058 4,
1035 983 1091 1045 14;
1111 983 1263 1062 agrestes,
1286 979 1403 1064 qui-
1441 1024 1444 1029 -

286 1092 440 1158 montium
460 1091 688 1157 circumcolunt
704 1091 904 1169 altitudines,
926 1086 1102 1169 XXVIII,
1122 1090 1151 1166 5,
1169 1090 1223 1152 15:
1241 1085 1403 1152 tributarii

286 1199 514 1264 circumcolunt
537 1198 673 1266 Padum.
828 1197 831 1204 ’

244 1309 495 1372 circumcursare
518 1306 648 1371 verbnm
671 1307 809 1390 primum
832 1303 919 1389 apud
942 1304 1093 1372 Plautum
1116 1311 1149 1371 et
1179 1302 1293 1369 deinde
1316 1300 1403 1386 apud

287 1414 449 1480 Catullum
471 1415 636 1479 transitive
668 1413 857 1494 adhibitum,
893 1413 1084 1479 Ammianus
1117 1414 1220 1479 denuo
1249 1412 1282 1476 in
1310 1430 1402 1475 usum

287 1524 407 1607 recepit
423 1521 499 1601 XX,
524 1528 551 1601 7,
574 1527 608 1587 2:
631 1543 688 1587 rex
712 1559 752 1570 -
775 1527 952 1586 castrorum
969 1521 1125 1604 ambitum
1139 1522 1402 1587 circumcursans.

244 1629 463 1696 circumfluere
481 1630 612 1696 verbum
634 1652 655 1695 a
676 1631 779 1714 poetis
803 1636 835 1694 et
856 1629 1065 1712 scriptoribus
1088 1629 1273 1713 posterioris
1298 1626 1403 1691 latini·

287 1739 363 1803 tatis
390 1737 579 1819 admissum,
614 1740 656 1804 ab
689 1738 810 1822 optimo
837 1758 911 1802 vero
935 1759 995 1802 usu
1019 1738 1156 1804 alienum
1178 1737 1295 1820 legitur
1316 1734 1402 1819 apud

286 1850 324 1913 A.
347 1848 512 1938 transitive
533 1849 671 1931 positum
694 1851 823 1928 XXIII,
847 1850 875 1925 6,
899 1849 953 1912 25ε
975 1846 1158 1930 insulasque
1176 1842 1399 1910 circumfluens

285 1953 506 2039 (Euphrates).

242 2060 453 2144 circumgredi
476 2061 608 2125 verbum
631 2081 651 2125 a
673 2060 826 2126 Sallustio
850 2067 882 2125 et
897 2059 1010 2124 Tacito
1029 2061 1196 2125 transitiva
1213 2060 1243 2125 vi
1256 2057 1403 2124 indutum

285 2173 391 2234 exstat
421 2168 509 2252 apud
536 2170 576 2233 A.
605 2166 704 2248 XVI,
738 2171 788 2249 12,
813 2170 867 2234 59:
901 2169 1049 2233 lacunam
1082 2167 1278 2253 palustribus
1311 2166 1402 2250 aquis

284 2273 474 2340 interfusam
497 2274 776 2358 circumgrediens.

244 2382 409 2447 circumire
431 2383 534 2462 XXI,
561 2386 609 2461 12,
634 2387 685 2448 14;
709 2383 798 2448 miles
814 2422 857 2430 -
873 2382 1059 2448 suburbana
1085 2381 1192 2448 omnia
1216 2379 1403 2447 circumibat

241 2490 472 2556 circumsedere
505 2490 659 2565 XVIIII,
694 2494 726 2569 9,
755 2496 786 2558 9:
821 2512 892 2556 cum
927 2492 1131 2576 septuaginta
1167 2497 1296 2572 tresque
1335 2488 1402 2553 dies

285 2598 439 2664 Amidam
455 2598 656 2664 multitudine
677 2599 930 2664 circumsedisset
943 2621 1124 2677 armorum;
1141 2598 1286 2679 XXXI,
1302 2601 1331 2676 5,
1348 2600 1402 2662 16:

286 2708 340 2772 diu
364 2708 534 2773 multitudo
551 2707 812 2773 Thessalonicam
828 2708 1032 2774 circumsedit
1046 2707 1219 2791 itidemque
1237 2706 1402 2791 Cycicum3

287 2819 315 2894 8,
342 2821 372 2881 1;
406 2837 543 2899 quarum
571 2816 761 2902 (civitatum)
790 2817 910 2882 nullam
940 2817 1036 2882 etiarn
1070 2823 1137 2881 tum
1173 2813 1404 2880 circumsedere

286 2924 392 2988 conati
415 2929 503 3002 sunt3
533 2923 588 2989 sed
612 2945 684 2988 cum
707 2924 876 2989 verborum
901 2923 1171 3006 ,circumsedere“
1197 2929 1229 2988 et
1252 2923 1403 3003 „circum-

287 3031 410 3097 sidere‘
436 3031 558 3097 formae
576 3033 743 3116 praeteriti
770 3034 833 3098 sint
855 3054 959 3116 pares,
988 3039 1096 3098 utrum
1119 3031 1250 3097 verbum
1269 3031 1405 3113 scriptor

287 3139 485 3220 adbibuerit,
526 3140 614 3205 haud
650 3140 888 3206 diiudicandum
922 3148 979 3206 est.
1043 3140 1253 3223 Participium
1286 3137 1404 3224 passivi

286 3246 535 3331 deprehenditur
554 3246 659 3328 XXI,
682 3251 731 3327 12,
750 3253 782 3312 1:
805 3248 938 3313 audIens
955 3248 1133 3333 (Julianus)
1145 3247 1229 3312 hanc
1245 3246 1404 3312 civitatem

286 3356 526 3422 circumsessam
544 3395 587 3402 -
605 3355 809 3438 aliquotiens;
838 3356 978 3436 XXXI,
1002 3361 1051 3438 13,
1078 3361 1131 3422 14:
1163 3357 1404 3421 circumsessum

286 3463 483 3547 (Valentem)
506 3462 547 3527 ab
568 3463 723 3530 hostibus

243 3570 476 3636 circumsistere
496 3571 628 3635 verbnm
652 3592 746 3636 sensu
779 3570 937 3636 translato
965 3571 1083 3654 legitur
1104 3570 1189 3646 XX,
1221 3575 1250 3651 7,
1271 3575 1302 3635 7:
1333 3592 1405 3636 oum

286 3699 421 3762 magnus
444 3685 550 3744 terror
576 3680 822 3744 circumsisteret
844 3699 960 3746 muros.

203 3806 205 3810 ·
243 3788 450 3852 circumstare
474 3789 504 3871 1)
523 3788 653 3870 proprie
676 3786 791 3865 XIIII,
824 3790 854 3866 2,
880 3790 918 3852 13
942 3788 1181 3852 circumstetere
1214 3785 1312 3869 igitur
1345 3783 1406 3849 hoc

286 3896 516 3960 munimentum
554 3917 611 3979 per
654 3894 795 3960 triduum
840 3901 872 3960 et
913 3895 1104 3960 trinoctium.
1171 3896 1205 3978 2)
1250 3894 1405 3960 translate

286 4003 443 4084 XVIIII,
462 4006 558 4078 2,13;
576 4009 625 4068 tot
636 4043 678 4050 —
691 4025 748 4068 nos
767 4001 1045 4070 circumstantibus
1062 4002 1161 4081 malis,
1182 4003 1306 4084 XXX,
1326 4008 1355 4084 2,
1369 4005 1405 4068 8:

292 4114 367 4196 quia
380 4134 447 4177 rem
461 4112 642 4176 Romanam
656 4113 737 4176 alius
748 4114 1004 4178 circumsteterat
1019 4117 1121 4176 metus
1137 4114 1236 4178 totius
1249 4111 1403 4179 Gothiae.

241 4221 480 4287 circumradere
503 4219 633 4285 verbum
662 4223 726 4284 iarn
749 4243 769 4285 a
790 4221 883 4286 Livio
913 4228 945 4285 et
966 4219 1080 4286 Tacito
1108 4222 1279 4286 transitive
1310 4242 1401 4286 usur-

283 4335 397 4412 patum
420 4328 516 4394 semel
531 4327 617 4410 apud
633 4329 820 4412 scriptorem
837 4335 981 4394 nostrum
1000 4329 1045 4392 ita
1063 4327 1191 4394 obvenit
1213 4327 1297 4408 XX,
1317 4332 1346 4407 6,
1363 4332 1398 4394 3:

230 4505 234 4512 ,
289 4436 541 4504 circumvaditur
567 4436 686 4506 civitas
