3276 5026
645 375 858 438 ...68-

212 541 319 611 Semel
347 544 515 623 locativus,
548 545 601 628 qui
628 551 771 627 vocatur,
804 547 962 612 invenitur
991 544 1187 622 XXVIIII,
1218 548 1246 624 5,
1272 548 1327 609 15:

214 653 303 718 humi
333 656 436 737 paene
465 651 589 718 adfixus
621 653 785 740 (Firmus).
841 655 874 740 2)
906 655 1062 719 translate
1093 657 1205 730 XIIII,
1239 656 1266 731 1,
1292 657 1329 719 2:

211 761 364 827 adfectati
385 763 476 845 regni
498 761 548 826 vel
569 761 687 826 artium
706 761 919 827 nefandarum
951 763 1126 827 calumnias
1152 759 1331 825 insontibus

214 867 418 954 adfigebant3
441 868 616 952 XXVIII,
636 873 663 950 1,
683 872 738 936 10:
758 869 929 936 Maximius
946 869 1058 935 effudit
1073 871 1233 954 geminam
1249 868 1331 934 fero·

213 980 293 1043 ciam
316 979 439 1063 pectori
461 978 560 1044 crudo
584 979 733 1045 adfixam.
1300 977 1303 988 '

171 1087 325 1172 affingere
333 1088 464 1152 verbum
477 1108 549 1151 cunr
565 1086 673 1152 dativo
685 1107 841 1170 personae
857 1087 1060 1166 construitur,
1074 1109 1156 1171 quae
1170 1094 1331 1155 structura

213 1197 311 1262 etiarn
321 1195 469 1262 Ciceroni
482 1202 513 1260 et
519 1194 632 1260 Tacito
646 1196 765 1260 usitata
777 1200 834 1277 est,
847 1198 1095 1277 xv1111‚12,2:
1108 1196 1330 1263 innocentibus

215 1305 354 1370 exitialis
377 1324 490 1368 causas
513 1302 678 1387 adfingens
702 1303 778 1367 dum
798 1304 830 1367 in
850 1303 1023 1368 calmitosis
1046 1304 1211 1388 stipendiis
1227 1327 1331 1371 versa-

212 1419 310 1479 retur.
350 1411 416 1477 Pro
434 1412 508 1476 libri
521 1410 673 1479 Vaticani
690 1417 843 1496 corrupta
860 1413 995 1478 lectione
1011 1412 1200 1497 „adfringen
1221 1464 1330 1482 .....

119 1509 122 1517 ’
213 1521 309 1585 dum“
359 1519 456 1586 editio
491 1520 618 1587 Gelenii
655 1520 839 1604 suppeditat
872 1520 1058 1604 „adfingens
1098 1521 1205 1603 dum“,
1246 1521 1332 1604 quod

213 1628 483 1696 Gardthausenus
514 1629 643 1712 recepit.
702 1629 747 1694 Et
777 1627 930 1714 profecto·
952 1629 1034 1694 haec
1064 1630 1224 1714 scriptura
1254 1631 1332 1695 mihi

214 1737 315 1822 magis
349 1737 455 1821 placet
492 1758 589 1821 quam
625 1736 848 1822 „adstringens
887 1737 991 1818 dum“,
1025 1737 1111 1821 quod
1139 1737 1331 1821 Wagnerus‚

212 1845 494 1930 Eyssenhardtius,
517 1846 572 1911 alii
594 1846 728 1928 vestigia
749 1846 905 1911 librorum
927 1844 1000 1909 Pba
1023 1846 1331 1930 „adstringendum“

212 1955 434 2038 praebentium
458 1955 558 2019 secuti
578 1955 611 2019 in
634 1959 724 2018 textu
754 1961 939 2038 posuerunt.
986 1953 1073 2019 Nam
1104 1962 1332 2039 praeterquam

213 2064 300 2146 quod
327 2083 426 2147 prope
458 2062 584 2126 accedit
619 2061 661 2125 ad
694 2062 812 2128 codicis
835 2063 866 2128 V
890 2065 1083 2146 scripturam
1116 2065 1333 2147 optimamque

213 2170 312 2236 efficib
343 2171 543 2250 sententiam,
573 2169 621 2234 vel
653 2169 725 2234 ideo
756 2171 834 2234 mihi
855 2169 981 2236 videtur
1009 2170 1222 2255 praeferenda
1253 2193 1331 2251 esse,
1392 2181 1395 2187 '

213 2278 299 2363 quod
322 2278 454 2343 verbum
476 2278 692 2361 „astringere“
712 2278 799 2362 apud
817 2279 1026 2345 Ammianum
1049 2301 1114 2344 non
1133 2280 1250 2363 legitur
1272 2281 1333 2344 nisi

131 2407 133 2411 ’
213 2389 357 2452 iunctum
393 2408 464 2450 cnm
496 2387 678 2452 accusmivo
710 2408 866 2470 personae
895 2394 927 2453 et
961 2389 1100 2455 ablativo
1134 2391 1197 2467 rei,
1229 2389 1332 2454 altera

214 2518 288 2562 vero
312 2496 507 2561 constructio
526 2496 642 2578 „alicui
660 2495 800 2578 aliquid“
819 2496 880 2561 hoc
899 2497 969 2562 looo
992 2498 1088 2562 etiam
1105 2498 1203 2580 paulo
1222 2496 1332 2562 durius

214 2605 301 2670 dicta
324 2603 455 2670 videtur.
500 2603 602 2668 Simili
625 2601 720 2667 modo
742 2603 859 2686 legitur
883 2601 985 2668 Tacit.
1007 2603 1072 2669 An.
1098 2609 1147 2686 14,
1166 2607 1227 2670 ¹62:
1255 2625 1331 2687 ergo

213 2712 444 2778 confessionem
466 2711 607 2776 alicuius·
623 2712 734 2794 quaeri
760 2711 884 2795 placet,
916 2714 967 2778 cui
997 2733 1105 2777 rerum
1128 2733 1255 2796 quoque
1277 2734 1332 2778 no·

213 2843 325 2886 varum
348 2821 467 2884 crimen
490 2818 717 2902 adfingeretur.

171 2928 324 3014 affulgere
346 2927 435 2993 verbi
457 2949 529 2992 cum
551 2927 659 2993 dativo
680 2933 842 2992 structura
873 2927 949 2992 inde
979 2949 999 2992 a
1021 2926 1113 2992 Livio
1144 2929 1176 2992 in
1202 2949 1331 3012 prosam

215 3037 393 3102 orationem
423 3036 556 3101 inducta
583 3036 655 3122 (cfr.
688 3035 844 3118 Draeger,
876 3034 895 3098 I
925 3057 956 3118 p.
988 3035 1065 3120 380)
1097 3035 1195 3100 etiam
1223 3034 1264 3100 ab
1288 3036 1331 3101 A.

215 3145 391 3212 exhibetur.
424 3143 544 3209 Exstat
560 3143 689 3208 dativus
704 3144 739 3228 a)
753 3163 910 3227 personae
928 3142 1027 3222 XVI,
1045 3147 1074 3225 5,
1096 3147 1149 3210 14:
1167 3148 1333 3227 tamquam

214 3255 313 3320 solem
350 3253 410 3318 sibi
447 3273 594 3317 serenum
631 3259 704 3335 post
741 3252 922 3335 squalentes
961 3251 1110 3317 tenebras
1148 3251 1316 3328 adfulsisse
1323 3277 1331 3331 ;

214 3360 379 3443 XXIIII,
402 3365 432 3443 2,
455 3363 516 3427 21:
545 3359 717 3424 salutarem
742 3360 870 3442 genium
893 3358 1062 3424 adfulsisse
1084 3359 1145 3424 sibi
1165 3361 1333 3425 clamitans

214 3476 316 3556 (gens)
342 3470 516 3537 Caesarem
548 3490 700 3552 magnum
737 3472 769 3531 et
800 3466 912 3534 lenem.
968 3467 1004 3554 b)
1036 3469 1083 3533 rei
1115 3467 1194 3547 XV,
1218 3471 1247 3546 8,
1273 3471 1333 3533 al:

215 3581 388 3646 salutarem
412 3577 572 3662 quendam
604 3578 731 3660 genium
759 3574 927 3640 adfulsisse
958 3576 1164 3642 conclamatis
1198 3576 1334 3660 negotiis

214 3687 372 3752 arbitrata
388 3685 523 3772 (plebs);
547 3683 703 3766 XXVII,
729 3685 779 3764 10,
803 3686 842 3748 3:
866 3683 996 3765 inopina
1011 3685 1058 3748 rei
1074 3684 1243 3750 Romanae
1261 3705 1333 3769 spes

213 3796 383 3861 laetiorum
406 3793 544 3859 adfulsit.

172 3885 338 3969 effundere
360 3901 492 3966 verbum
513 3899 669 3966 translate
691 3897 831 3982 positum
854 3895 979 3962 dativus
1006 3903 1043 3963 ut
1073 3898 1160 3983 apud
1183 3899 1332 3965 Tacitum

215 4012 359 4095 sequitur
374 4007 493 4092 XVII,
510 4011 560 4092 13,
573 4011 629 4074 28:
645 4006 751 4072 adfusi
765 4012 840 4072 sunt
853 4009 992 4092 vestigiis
1006 4010 1147 4092 Augusti
1159 4010 1331 4076 clementis.

173 4141 341 4204 aggerere:
375 4117 539 4200 XXIIII,
569 4122 599 4194 4,
631 4118 685 4182 30:
719 4115 886 4182 collectam
920 4117 1071 4201 stipulam
1105 4125 1137 4184 et
1171 4124 1334 4185 sarmenta

217 4248 367 4312 specuum
390 4226 536 4292 faucibus
559 4225 779 4310 adgesserunt.

174 4335 350 4404 adhaerere
380 4335 513 4401 verbum
545 4332 619 4400 inde
655 4355 675 4400 a
703 4333 796 4399 Livio
831 4354 904 4398 cum
942 4332 1050 4398 dativo
1086 4333 1229 4398 iunctum
1263 4331 1333 4416 (cfr.

217 4444 391 4510 Kuehnast
411 4465 441 4528 p.
464 4446 536 4527 135)
559 4450 595 4508 ut
616 4444 649 4507 in
672 4441 777 4507 'Iaciti
799 4441 926 4526 scriptis
947 4441 993 4506 sic
1023 4462 1148 4526 semper
1178 4441 1265 4525 apud
1289 4440 1331 4506 A.
