3232 5026
722 437 938 500 ...54-

247 611 302 674 est.
347 607 442 674 Ultra
457 605 649 672 adhibeatur
664 610 835 685 structura,
854 608 1001 688 apertum
1018 601 1186 666 discrimen
1204 596 1406 682 cognoscitur

245 716 278 779 in
304 714 407 780 verbis
444 716 649 796 „convenire“
686 721 718 781 et
759 712 979 795 „succedere“,
1007 709 1122 793 quibus
1156 713 1252 792 prout
1284 702 1406 769 habent

246 823 492 907 significationes
515 825 710 907 singularem
728 823 876 888 attribuit
894 819 1173 886 constructionem.
1218 813 1314 900 Quod
1330 833 1406 878 vero
1434 836 1437 845 ·

246 933 288 997 ad
300 938 408 998 cetera
419 932 517 998 verba
528 933 654 1013 attinet,
670 932 712 996 ad
725 937 846 996 certam
864 928 1027 1014 quandam
1042 925 1202 992 rationem
1221 921 1405 1001 eruendam,

246 1062 310 1123 qua
326 1041 440 1107 ductus
459 1041 595 1124 scriptor
613 1040 667 1104 alii
681 1040 777 1105 aliam
794 1045 990 1104 structuram
1005 1035 1166 1113 adiecerit,
1185 1030 1405 1097 difficillimum

246 1155 303 1214 cst.
347 1148 566 1234 Quamobrem
580 1148 650 1213 fieri
664 1170 728 1213 non
743 1153 859 1232 potest,
876 1148 954 1231 quin
972 1165 1103 1230 prorsus
1119 1148 1200 1207 stem
1216 1140 1257 1205 ab
1273 1138 1406 1204 Habuio

245 1263 276 1324 ct
292 1255 517 1340 Oesterbcrgio
528 1257 552 1344 1)
576 1277 716 1338 eausam,
738 1277 777 1321 ex
799 1277 863 1339 qua
885 1253 1017 1320 verbum
1040 1250 1171 1336 aliquod
1195 1249 1405 1332 compositum

245 1370 388 1428 assumat
411 1362 552 1428 dativum
575 1363 624 1428 vel
651 1365 884 1444 accusativum,
918 1383 955 1428 eo
978 1358 1204 1439 referentibus,
1233 1355 1320 1439 quod
1342 1375 1406 1420 non

245 1471 364 1554 ubique
383 1471 415 1534 in
438 1471 515 1554 ipsis
536 1470 650 1552 verbis,
678 1470 735 1537 sed
756 1472 939 1555 saepissime
960 1471 993 1535 in
1016 1468 1149 1534 dicentis
1169 1465 1218 1530 vel
1239 1463 1406 1530 scribentis

246 1579 474 1644 consuetudine
488 1581 628 1663 positum
650 1578 755 1661 luerit,
774 1586 883 1644 utrum
905 1600 1014 1644 casum
1032 1576 1195 1642 adicerent
1213 1571 1405 1657 compositis.

246 1687 310 1754 Sed
332 1694 461 1752 transeo
484 1687 527 1752 ad
549 1688 694 1772 exempla
715 1687 887 1754 laudanda.

244 1795 412 1860 convenire
435 1795 568 1860 verbum
595 1818 615 1860 a
638 1795 752 1862 Tacito
785 1795 911 1860 nonnisi
937 1793 1082 1860 absolute
1110 1795 1261 1875 sequente
1289 1809 1355 1853 acc.
1379 1809 1405 1853 c.

288 1895 345 1968 int.
367 1904 505 1986 positum
527 1903 614 1987 apud
636 1904 845 1969 Ammianum
864 1903 1041 1969 conectitur
1061 1903 1093 1984 1)
1109 1898 1206 1964 semel
1221 1919 1293 1962 cum
1314 1916 1405 1961 accu-

288 2012 388 2075 sativo
421 2009 459 2075 'ut
488 2032 642 2095 persaepe
669 2011 757 2095 apud
789 2012 931 2092 Livium,
964 2009 1068 2074 rarius
1097 2006 1185 2091 apud
1208 2005 1404 2079 Ciceronem,

286 2117 369 2181 idem
386 2118 567 2201 significans
584 2125 680 2202 atque
697 2119 816 2202 „adire,
839 2119 966 2184 iubere“
983 2117 1069 2197 XX,
1084 2120 1113 2190 4,
1128 2121 1162 2180 3:
1184 2133 1280 2197 super
1295 2112 1406 2178 anxili-

287 2225 363 2289 ariis
386 2225 514 2308 quidem
532 2234 564 2291 et
581 2227 773 2292 trecentenis
790 2226 939 2310 cogendis
956 2226 1043 2290 ocius
1060 2223 1217 2309 proficisci
1229 2221 1404 2305 Lupicinus

286 2338 459 2398 conventus
490 2341 539 2398 est
570 2335 664 2401 solus.
709 2333 835 2400 Pluries
864 2338 894 2415 2)
917 2355 989 2398 cum
1021 2332 1128 2397 dativo
1158 2335 1190 2412 a]
1211 2331 1341 2415 proprie
1362 2357 1404 2384 =

286 2441 394 2525 aptari
409 2441 528 2524 XXV,
547 2447 574 2524 1,
593 2446 647 2507 12:
671 2449 706 2508 ut
720 2444 887 2507 iuncturae
905 2442 1045 2526 rigentes
1064 2434 1261 2524 conpagibus
1277 2443 1403 2503 artuum

286 2551 497 2615 convenirent.
549 2551 582 2632 b)
608 2552 764 2616 translate
793 2550 877 2616 idem
905 2549 1012 2615 valens
1043 2547 1128 2634 quod
1157 2567 1307 2629 „necesse
1336 2550 1403 2610 est“

286 2665 343 2721 aut
364 2657 508 2739 „decere
532 2658 586 2723 ubi
606 2659 861 2744 impersonaliter
883 2661 1058 2743 usurpatur
1079 2655 1185 2738 XXI,
1205 2659 1235 2737 5,
1258 2658 1291 2719 1:
1314 2653 1405 2718 nibil·

286 2747 348 2847 gue
370 2771 436 2828 tam
458 2766 625 2829 convenire
646 2765 814 2831 conatibus
835 2765 947 2831 subitis
969 2787 1067 2849 quam
1085 2763 1280 2829 celeritatem
1296 2761 1405 2845 sagaci

288 2872 476 2956 praevidens
499 2872 676 2957 (Julianus)
705 2882 823 2954 mente;
855 2873 998 2952 XXIII,
1022 2878 1052 2954 2,
1075 2876 1111 2937 3:
1136 2870 1405 2936 Antiochensibus

288 2979 392 3043 avaris
407 2984 440 3043 et
455 2980 690 3045 contumeliosis
705 2980 886 3047 huiusmodi
902 2981 1039 3046 iudicem
1062 2980 1243 3057 convenire,
1261 2975 1404 3056 XXXI,

290 3090 340 3168 12,
367 3091 425 3152 15:
447 3087 593 3170 pulcrum
616 3088 677 3154 hoc
695 3126 737 3136 —
756 3087 879 3153 facinus
899 3096 931 3154 et
948 3090 1014 3153 viro
1039 3088 1206 3154 convenire
1222 3086 1404 3151 existimans

205 3245 208 3250 .
287 3196 379 3271 forti;
407 3191 561 3259 infinitivo
588 3195 714 3261 adiecto
737 3200 851 3278 XIIII,
875 3202 904 3279 6,
926 3202 958 3260 7:
991 3195 1083 3262 beate
1111 3194 1254 3280 perfecta
1279 3195 1404 3258 ratione

287 3304 408 3368 victuro
424 3310 499 3368 ante
514 3303 577 3368 alia
594 3305 733 3388 patriam
750 3326 818 3370 esse
830 3306 976 3370 convenit
993 3305 1182 3389 gloriosam3
1204 3301 1309 3385 XXI,
1327 3305 1356 3384 6,
1371 3307 1404 3371 1:

286 3411 455 3495 Replicare
478 3433 562 3476 nunc
586 3413 732 3478 convenit
754 3414 890 3497 tempori
906 3418 938 3478 et
953 3435 1086 3479 narrare
1102 3413 1285 3478 summatim
1309 3431 1403 3495 quae.

290 3517 410 3585 Omnes
432 3517 507 3583 libri
530 3527 562 3585 et
584 3520 739 3586 editiones
760 3542 861 3604 usque
883 3521 926 3586 ad
948 3521 1233 3588 Gardthausenum
1256 3519 1406 3585 exhibent

286 3632 481 3710 „tempore“,
514 3629 600 3712 quod
622 3629 709 3711 haud
732 3629 826 3695 dubie
849 3631 925 3696 vitio
948 3630 1100 3696 infectum
1133 3636 1199 3712 est,
1223 3651 1310 3711 cum,
1341 3651 1404 3714 quo

286 3736 327 3800 sit
347 3734 565 3815 referendum,
595 3737 682 3801 haud
704 3735 797 3802 facile
820 3746 1042 3818 cognoscatur.
1089 3738 1306 3822 Quare-facili
1337 3759 1405 3802 mu·

289 3844 411 3907 tatione
435 3842 470 3910 O.
495 3843 531 3906 F.
548 3843 602 3908 W.
626 3843 762 3910 Mueller
782 3845 900 3927 (Fleck.
923 3847 956 3915 J.
977 3846 997 3914 l.
1017 3847 1096 3911 Phil.
1123 3848 1183 3912 107
1206 3869 1234 3930 p.
1258 3850 1321 3911 350
1343 3847 1403 3931 sq.)

286 3950 488 4016 scribendum
507 3959 614 4018 censet
630 3955 820 4038 „tempori“,
843 3957 890 4021 ita
909 3962 945 4020 ut
960 3956 1126 4031 „convenit
1143 3955 1300 4040 tempori“
1319 3956 1404 4022 idem

288 4064 379 4126 sonet
395 4067 492 4144 atque
511 4062 751 4145 „tempestivum
772 4068 850 4129 est“.
891 4063 983 4150 Quae
999 4063 1178 4129 emendatio
1196 4065 1254 4130 etsi
1272 4063 1404 4132 tolerari
1430 4065 1433 4070 ’

285 4189 378 4251 posse
398 4190 461 4232 non
484 4190 576 4252 nego,
605 4176 714 4234 tamen
739 4170 848 4238 melius
868 4173 944 4237 mibi
968 4171 1182 4238 videturesse
1205 4179 1403 4258 „tempora“,

287 4274 375 4357 quod
398 4274 578 4358 Madvigius
599 4275 735 4362 (advers.
757 4280 826 4345 crit.
845 4279 887 4344 ad
910 4281 1063 4365 sciptores
1079 4303 1211 4365 graecos
1234 4287 1266 4348 et
1287 4283 1404 4348 latinos

313 4424 333 4484 ¹)
352 4421 398 4474 cfr.
416 4423 501 4488 Habn,
520 4422 552 4476 de
573 4422 641 4477 verb.
657 4441 678 4478 o.
698 4441 787 4492 praep.
806 4442 890 4495 comp.
909 4426 979 4495 apud
998 4430 1099 4482 veteres
1114 4427 1292 4482 Romanorum
1310 4433 1404 4498 poetas

242 4507 377 4561 scaenicos
405 4524 464 4562 cum
483 4508 538 4562 dut.
557 4513 701 4579 structura,
721 4511 781 4567 Hal.
802 4511 861 4568 Sex.
881 4513 944 4567 diss.
964 4514 996 4568 78
1013 4531 1038 4583 p.
1058 4515 1073 4567 5
1093 4517 1120 4568 et
1139 4513 1298 4585 Oesterberg
1319 4532 1343 4583 p.
1361 4518 1405 4573 58.
